<?xml version="1.0" encoding="UTF-8"?>
<!DOCTYPE html PUBLIC "-//W3C//DTD XHTML 1.0 Transitional//EN"
    "http://www.w3.org/TR/xhtml1/DTD/xhtml1-transitional.dtd">
<html xmlns="http://www.w3.org/1999/xhtml" xml:lang="en" lang="en">
 <head>
  <title>
</title>
<meta http-equiv="Content-Type" content="text/html;charset=utf-8" />
  <meta name='ocr-system' content='tesseract 3.04.00' />
  <meta name='ocr-capabilities' content='ocr_page ocr_carea ocr_par ocr_line ocrx_word'/>
</head>
<body>
  <div class='ocr_page' id='page_1' title='image "./leslivresdesmira01greguoft_0332.png"; bbox 0 0 2002 3418; ppageno 0'>
   <div class='ocr_carea' id='block_1_1' title="bbox 365 332 1365 373">
    <p class='ocr_par' dir='ltr' id='par_1_1' title="bbox 365 332 1365 373">
     <span class='ocr_line' id='line_1_1' title="bbox 365 332 1365 373; baseline -0.001 0"><span class='ocrx_word' id='word_1_1' title='bbox 365 337 442 373; x_wconf 83' lang='grc'><strong>276</strong></span> <span class='ocrx_word' id='word_1_2' title='bbox 727 364 730 366; x_wconf 26' lang='lat' dir='ltr'>v</span> <span class='ocrx_word' id='word_1_3' title='bbox 762 335 828 371; x_wconf 89' lang='lat' dir='ltr'>DE</span> <span class='ocrx_word' id='word_1_4' title='bbox 855 334 1042 371; x_wconf 80' lang='lat' dir='ltr'>GLORIA</span> <span class='ocrx_word' id='word_1_5' title='bbox 1068 332 1365 372; x_wconf 78' lang='lat' dir='ltr'>MARTYRUM.</span> 
     </span>
    </p>
   </div>
   <div class='ocr_carea' id='block_1_2' title="bbox 936 461 1196 498">
    <p class='ocr_par' dir='ltr' id='par_1_2' title="bbox 936 461 1196 498">
     <span class='ocr_line' id='line_1_2' title="bbox 936 461 1196 498; baseline 0.004 -1"><span class='ocrx_word' id='word_1_6' title='bbox 936 462 1092 497; x_wconf 87' lang='lat' dir='ltr'><strong>CAPUT</strong></span> <span class='ocrx_word' id='word_1_7' title='bbox 1116 461 1196 498; x_wconf 90' lang='lat' dir='ltr'>CII.</span> 
     </span>
    </p>
   </div>
   <div class='ocr_carea' id='block_1_3' title="bbox 739 546 1393 594">
    <p class='ocr_par' dir='ltr' id='par_1_3' title="bbox 739 546 1393 594">
     <span class='ocr_line' id='line_1_3' title="bbox 739 546 1393 594; baseline -0.005 -11"><span class='ocrx_word' id='word_1_8' title='bbox 739 549 792 583; x_wconf 89' lang='lat' dir='ltr'>De</span> <span class='ocrx_word' id='word_1_9' title='bbox 809 546 948 583; x_wconf 84' lang='lat' dir='ltr'>Isidoro</span> <span class='ocrx_word' id='word_1_10' title='bbox 967 546 1183 582; x_wconf 81' lang='lat' dir='ltr'>sanctissimo</span> <span class='ocrx_word' id='word_1_11' title='bbox 1200 547 1393 594; x_wconf 84' lang='lat' dir='ltr'>martyre¹.</span> 
     </span>
    </p>
   </div>
   <div class='ocr_carea' id='block_1_4' title="bbox 354 636 1780 1398">
    <p class='ocr_par' dir='ltr' id='par_1_4' title="bbox 354 636 1780 1398">
     <span class='ocr_line' id='line_1_4' title="bbox 427 636 1775 700; baseline 0.001 -16"><span class='ocrx_word' id='word_1_12' title='bbox 427 638 632 686; x_wconf 87' lang='lat' dir='ltr'>Isidorus</span> <span class='ocrx_word' id='word_1_13' title='bbox 658 647 836 700; x_wconf 77' lang='lat' dir='ltr'>martyr</span> <span class='ocrx_word' id='word_1_14' title='bbox 862 636 911 683; x_wconf 92' lang='lat' dir='ltr'>in</span> <span class='ocrx_word' id='word_1_15' title='bbox 936 637 1089 684; x_wconf 86' lang='lat' dir='ltr'>insula</span> <span class='ocrx_word' id='word_1_16' title='bbox 1123 636 1269 684; x_wconf 86' lang='lat' dir='ltr'>Chio²</span> <span class='ocrx_word' id='word_1_17' title='bbox 1291 637 1531 700; x_wconf 78' lang='lat' dir='ltr'>quiescit⁸3</span> <span class='ocrx_word' id='word_1_18' title='bbox 1557 637 1623 684; x_wconf 92' lang='lat' dir='ltr'>sic</span> <span class='ocrx_word' id='word_1_19' title='bbox 1644 638 1775 685; x_wconf 90' lang='lat' dir='ltr'>enim</span> 
     </span>
     <span class='ocr_line' id='line_1_5' title="bbox 361 713 1771 779; baseline 0.001 -16"><span class='ocrx_word' id='word_1_20' title='bbox 361 733 539 764; x_wconf 92' lang='lat' dir='ltr'>nomen</span> <span class='ocrx_word' id='word_1_21' title='bbox 563 725 632 763; x_wconf 90' lang='lat' dir='ltr'>est</span> <span class='ocrx_word' id='word_1_22' title='bbox 653 715 840 776; x_wconf 82' lang='lat' dir='ltr'>insulae,</span> <span class='ocrx_word' id='word_1_23' title='bbox 871 724 1070 779; x_wconf 90' lang='lat' dir='ltr'>puteum</span> <span class='ocrx_word' id='word_1_24' title='bbox 1097 715 1147 761; x_wconf 92' lang='lat' dir='ltr'>in</span> <span class='ocrx_word' id='word_1_25' title='bbox 1169 713 1364 762; x_wconf 87' lang='lat' dir='ltr'>basilica</span> <span class='ocrx_word' id='word_1_26' title='bbox 1385 715 1535 762; x_wconf 89' lang='lat' dir='ltr'>sancti</span> <span class='ocrx_word' id='word_1_27' title='bbox 1560 714 1742 764; x_wconf 90' lang='lat' dir='ltr'>habens</span> <span class='ocrx_word' id='word_1_28' title='bbox 1758 754 1771 779; x_wconf 92' lang='lat'><strong><em>,</em></strong></span> 
     </span>
     <span class='ocr_line' id='line_1_6' title="bbox 360 791 1774 857; baseline 0.001 -17"><span class='ocrx_word' id='word_1_29' title='bbox 360 793 409 840; x_wconf 93' lang='lat' dir='ltr'>in</span> <span class='ocrx_word' id='word_1_30' title='bbox 433 810 530 857; x_wconf 91' lang='lat' dir='ltr'>quo</span> <span class='ocrx_word' id='word_1_31' title='bbox 557 803 603 839; x_wconf 89' lang='lat' dir='ltr'>et</span> <span class='ocrx_word' id='word_1_32' title='bbox 624 792 770 839; x_wconf 87' lang='lat' dir='ltr'>fertur</span> <span class='ocrx_word' id='word_1_33' title='bbox 786 791 984 855; x_wconf 89' lang='lat' dir='ltr'>injectus</span> <span class='ocrx_word' id='word_1_34' title='bbox 1000 829 1013 853; x_wconf 89' lang='lat'><strong><em>‚</em></strong></span> <span class='ocrx_word' id='word_1_35' title='bbox 1047 791 1107 840; x_wconf 93' lang='lat' dir='ltr'>de</span> <span class='ocrx_word' id='word_1_36' title='bbox 1134 791 1267 855; x_wconf 86' lang='lat' dir='ltr'>cujus</span> <span class='ocrx_word' id='word_1_37' title='bbox 1303 808 1430 857; x_wconf 91' lang='lat' dir='ltr'>aqua</span> <span class='ocrx_word' id='word_1_38' title='bbox 1449 793 1774 857; x_wconf 83' lang='lat' dir='ltr'>energumeni,</span> 
     </span>
     <span class='ocr_line' id='line_1_7' title="bbox 358 869 1776 936; baseline 0.001 -20"><span class='ocrx_word' id='word_1_39' title='bbox 358 869 766 933; x_wconf 83' lang='lat' dir='ltr'>febricitantesque</span> <span class='ocrx_word' id='word_1_40' title='bbox 815 869 892 916; x_wconf 81' lang='lat' dir='ltr'>vel</span> <span class='ocrx_word' id='word_1_41' title='bbox 943 870 1110 934; x_wconf 83' lang='lat' dir='ltr'>reliqui</span> <span class='ocrx_word' id='word_1_42' title='bbox 1172 869 1349 916; x_wconf 84' lang='lat' dir='ltr'>infirmi</span> <span class='ocrx_word' id='word_1_43' title='bbox 1395 870 1563 936; x_wconf 88' lang='lat' dir='ltr'>saepius</span> <span class='ocrx_word' id='word_1_44' title='bbox 1629 872 1776 936; x_wconf 91' lang='lat' dir='ltr'>potati</span> 
     </span>
     <span class='ocr_line' id='line_1_8' title="bbox 357 946 1774 1012; baseline 0.001 -17"><span class='ocrx_word' id='word_1_45' title='bbox 357 948 612 995; x_wconf 86' lang='lat' dir='ltr'>salvantur.</span> <span class='ocrx_word' id='word_1_46' title='bbox 629 947 812 994; x_wconf 88' lang='lat' dir='ltr'>Dicitur</span> <span class='ocrx_word' id='word_1_47' title='bbox 823 946 892 992; x_wconf 86' lang='lat' dir='ltr'>ibi</span> <span class='ocrx_word' id='word_1_48' title='bbox 907 947 1050 994; x_wconf 88' lang='lat' dir='ltr'>etiam</span> <span class='ocrx_word' id='word_1_49' title='bbox 1064 947 1245 1010; x_wconf 87' lang='lat' dir='ltr'>lumen,</span> <span class='ocrx_word' id='word_1_50' title='bbox 1263 948 1397 1012; x_wconf 84' lang='lat' dir='ltr'>quasi</span> <span class='ocrx_word' id='word_1_51' title='bbox 1409 964 1572 996; x_wconf 91' lang='lat' dir='ltr'>cereus</span> <span class='ocrx_word' id='word_1_52' title='bbox 1587 949 1774 1012; x_wconf 88' lang='lat' dir='ltr'>ardens,</span> 
     </span>
     <span class='ocr_line' id='line_1_9' title="bbox 357 1022 1779 1090; baseline 0.002 -19"><span class='ocrx_word' id='word_1_53' title='bbox 357 1040 387 1071; x_wconf 91' lang='lat' dir='ltr'>a</span> <span class='ocrx_word' id='word_1_54' title='bbox 409 1022 632 1070; x_wconf 86' lang='lat' dir='ltr'>fidelibus</span> <span class='ocrx_word' id='word_1_55' title='bbox 658 1039 778 1088; x_wconf 86' lang='lat' dir='ltr'>saepe</span> <span class='ocrx_word' id='word_1_56' title='bbox 810 1022 976 1069; x_wconf 83' lang='lat' dir='ltr'>videri.</span> <span class='ocrx_word' id='word_1_57' title='bbox 1003 1023 1096 1069; x_wconf 91' lang='lat' dir='ltr'>Sed</span> <span class='ocrx_word' id='word_1_58' title='bbox 1119 1033 1166 1070; x_wconf 96' lang='lat' dir='ltr'>et</span> <span class='ocrx_word' id='word_1_59' title='bbox 1203 1040 1291 1088; x_wconf 87' lang='lat' dir='ltr'>ego</span> <span class='ocrx_word' id='word_1_60' title='bbox 1323 1024 1421 1072; x_wconf 88' lang='lat' dir='ltr'>vidi</span> <span class='ocrx_word' id='word_1_61' title='bbox 1451 1024 1779 1090; x_wconf 88' lang='lat' dir='ltr'>presbyterum</span> 
     </span>
     <span class='ocr_line' id='line_1_10' title="bbox 354 1099 1779 1168; baseline 0.003 -21"><span class='ocrx_word' id='word_1_62' title='bbox 354 1102 440 1165; x_wconf 88' lang='lat' dir='ltr'>qui</span> <span class='ocrx_word' id='word_1_63' title='bbox 470 1117 519 1148; x_wconf 92' lang='lat' dir='ltr'>se</span> <span class='ocrx_word' id='word_1_64' title='bbox 557 1099 827 1148; x_wconf 86' lang='lat' dir='ltr'>affirmabat</span> <span class='ocrx_word' id='word_1_65' title='bbox 863 1099 959 1147; x_wconf 94' lang='lat' dir='ltr'>hoc</span> <span class='ocrx_word' id='word_1_66' title='bbox 991 1100 1151 1148; x_wconf 91' lang='lat' dir='ltr'>lumen</span> <span class='ocrx_word' id='word_1_67' title='bbox 1188 1101 1248 1148; x_wconf 93' lang='lat' dir='ltr'>de</span> <span class='ocrx_word' id='word_1_68' title='bbox 1286 1118 1369 1150; x_wconf 88' lang='lat' dir='ltr'>ore</span> <span class='ocrx_word' id='word_1_69' title='bbox 1401 1104 1533 1168; x_wconf 89' lang='lat' dir='ltr'>putei</span> <span class='ocrx_word' id='word_1_70' title='bbox 1569 1103 1779 1151; x_wconf 92' lang='lat' dir='ltr'>crebrius</span> 
     </span>
     <span class='ocr_line' id='line_1_11' title="bbox 358 1177 1780 1244; baseline 0.002 -18"><span class='ocrx_word' id='word_1_71' title='bbox 358 1179 733 1244; x_wconf 86' lang='lat' dir='ltr'>contemplatum</span> <span class='ocrx_word' id='word_1_72' title='bbox 765 1195 883 1226; x_wconf 87' lang='lat' dir='ltr'>esse.</span> <span class='ocrx_word' id='word_1_73' title='bbox 915 1181 970 1225; x_wconf 93' lang='lat' dir='ltr'>In</span> <span class='ocrx_word' id='word_1_74' title='bbox 1011 1177 1106 1226; x_wconf 89' lang='lat' dir='ltr'>hac</span> <span class='ocrx_word' id='word_1_75' title='bbox 1144 1179 1273 1226; x_wconf 90' lang='lat' dir='ltr'>enim</span> <span class='ocrx_word' id='word_1_76' title='bbox 1307 1180 1462 1228; x_wconf 91' lang='lat' dir='ltr'>insula</span> <span class='ocrx_word' id='word_1_77' title='bbox 1497 1190 1546 1229; x_wconf 85' lang='lat' dir='ltr'>et</span> <span class='ocrx_word' id='word_1_78' title='bbox 1580 1197 1780 1244; x_wconf 87' lang='lat' dir='ltr'>granum</span> 
     </span>
     <span class='ocr_line' id='line_1_12' title="bbox 357 1254 1777 1322; baseline 0.004 -18"><span class='ocrx_word' id='word_1_79' title='bbox 357 1257 592 1320; x_wconf 81' lang='lat' dir='ltr'>colligitur</span> <span class='ocrx_word' id='word_1_80' title='bbox 606 1256 812 1304; x_wconf 87' lang='lat' dir='ltr'>masticis</span> <span class='ocrx_word' id='word_1_81' title='bbox 828 1255 891 1303; x_wconf 89' lang='lat' dir='ltr'>ab</span> <span class='ocrx_word' id='word_1_82' title='bbox 913 1254 1166 1304; x_wconf 88' lang='lat' dir='ltr'>arboribus</span> <span class='ocrx_word' id='word_1_83' title='bbox 1185 1256 1389 1320; x_wconf 88' lang='lat' dir='ltr'>celebre,</span> <span class='ocrx_word' id='word_1_84' title='bbox 1404 1274 1526 1322; x_wconf 86' lang='lat' dir='ltr'>quae,</span> <span class='ocrx_word' id='word_1_85' title='bbox 1537 1268 1592 1308; x_wconf 91' lang='lat' dir='ltr'>ut</span> <span class='ocrx_word' id='word_1_86' title='bbox 1606 1259 1777 1322; x_wconf 87' lang='lat' dir='ltr'>ferunt,</span> 
     </span>
     <span class='ocr_line' id='line_1_13' title="bbox 357 1334 1286 1398; baseline 0.002 -16"><span class='ocrx_word' id='word_1_87' title='bbox 357 1334 459 1382; x_wconf 80' lang='lat' dir='ltr'>aliis</span> <span class='ocrx_word' id='word_1_88' title='bbox 479 1350 579 1382; x_wconf 91' lang='lat' dir='ltr'>non</span> <span class='ocrx_word' id='word_1_89' title='bbox 599 1335 907 1382; x_wconf 89' lang='lat' dir='ltr'>inveniuntur</span> <span class='ocrx_word' id='word_1_90' title='bbox 927 1334 978 1382; x_wconf 92' lang='lat' dir='ltr'>in</span> <span class='ocrx_word' id='word_1_91' title='bbox 996 1334 1286 1398; x_wconf 77' lang='lat' dir='ltr'>regionibus.</span> 
     </span>
    </p>
   </div>
   <div class='ocr_carea' id='block_1_5' title="bbox 932 1479 1211 1517">
    <p class='ocr_par' dir='ltr' id='par_1_5' title="bbox 932 1479 1211 1517">
     <span class='ocr_line' id='line_1_14' title="bbox 932 1479 1211 1517; baseline 0 -2"><span class='ocrx_word' id='word_1_92' title='bbox 932 1479 1086 1517; x_wconf 89' lang='lat' dir='ltr'>CAPUT</span> <span class='ocrx_word' id='word_1_93' title='bbox 1111 1480 1211 1516; x_wconf 93' lang='lat' dir='ltr'>CIII.</span> 
     </span>
    </p>
   </div>
   <div class='ocr_carea' id='block_1_6' title="bbox 790 1571 1349 1622">
    <p class='ocr_par' dir='ltr' id='par_1_6' title="bbox 790 1571 1349 1622">
     <span class='ocr_line' id='line_1_15' title="bbox 790 1571 1349 1622; baseline 0.005 -16"><span class='ocrx_word' id='word_1_94' title='bbox 790 1573 843 1607; x_wconf 90' lang='lat' dir='ltr'>De</span> <span class='ocrx_word' id='word_1_95' title='bbox 858 1580 980 1609; x_wconf 86' lang='lat' dir='ltr'>sancto</span> <span class='ocrx_word' id='word_1_96' title='bbox 1006 1571 1168 1609; x_wconf 84' lang='lat' dir='ltr'>Poliocto</span> <span class='ocrx_word' id='word_1_97' title='bbox 1184 1582 1349 1622; x_wconf 83' lang='lat' dir='ltr'>martyre.</span> 
     </span>
    </p>
   </div>
   <div class='ocr_carea' id='block_1_7' title="bbox 359 1661 1785 2426">
    <p class='ocr_par' dir='ltr' id='par_1_7' title="bbox 359 1661 1785 2426">
     <span class='ocr_line' id='line_1_16' title="bbox 425 1661 1780 1729; baseline 0.001 -19"><span class='ocrx_word' id='word_1_98' title='bbox 425 1661 565 1727; x_wconf 85' lang='lat' dir='ltr'>Apud</span> <span class='ocrx_word' id='word_1_99' title='bbox 596 1663 1062 1727; x_wconf 87' lang='lat' dir='ltr'>Constantinopolim</span> <span class='ocrx_word' id='word_1_100' title='bbox 1093 1681 1208 1711; x_wconf 88' lang='lat' dir='ltr'>vero</span> <span class='ocrx_word' id='word_1_101' title='bbox 1245 1680 1422 1729; x_wconf 86' lang='lat' dir='ltr'>magno</span> <span class='ocrx_word' id='word_1_102' title='bbox 1456 1664 1586 1711; x_wconf 92' lang='lat' dir='ltr'>cultu</span> <span class='ocrx_word' id='word_1_103' title='bbox 1623 1665 1780 1713; x_wconf 91' lang='lat' dir='ltr'>Polio-</span> 
     </span>
     <span class='ocr_line' id='line_1_17' title="bbox 361 1739 1781 1807; baseline 0.004 -22"><span class='ocrx_word' id='word_1_104' title='bbox 361 1749 464 1786; x_wconf 90' lang='lat' dir='ltr'>ctus</span> <span class='ocrx_word' id='word_1_105' title='bbox 478 1749 658 1803; x_wconf 87' lang='lat' dir='ltr'>martyr</span> <span class='ocrx_word' id='word_1_106' title='bbox 669 1739 873 1802; x_wconf 66' lang='lat' dir='ltr'>colim-⁴,</span> <span class='ocrx_word' id='word_1_107' title='bbox 886 1757 976 1805; x_wconf 90' lang='lat' dir='ltr'>pro</span> <span class='ocrx_word' id='word_1_108' title='bbox 993 1756 1051 1788; x_wconf 90' lang='lat' dir='ltr'>eo</span> <span class='ocrx_word' id='word_1_109' title='bbox 1062 1742 1298 1807; x_wconf 88' lang='lat' dir='ltr'>praecipue</span> <span class='ocrx_word' id='word_1_110' title='bbox 1311 1742 1460 1807; x_wconf 89' lang='lat' dir='ltr'>quod,</span> <span class='ocrx_word' id='word_1_111' title='bbox 1474 1758 1585 1790; x_wconf 91' lang='lat' dir='ltr'>cum</span> <span class='ocrx_word' id='word_1_112' title='bbox 1597 1743 1781 1806; x_wconf 87' lang='lat' dir='ltr'>magnis</span> 
     </span>
     <span class='ocr_line' id='line_1_18' title="bbox 359 1815 1782 1884; baseline 0.004 -22"><span class='ocrx_word' id='word_1_113' title='bbox 359 1815 612 1863; x_wconf 87' lang='lat' dir='ltr'>virtutibus</span> <span class='ocrx_word' id='word_1_114' title='bbox 647 1816 851 1881; x_wconf 86' lang='lat' dir='ltr'>polleat,</span> <span class='ocrx_word' id='word_1_115' title='bbox 893 1816 945 1863; x_wconf 91' lang='lat' dir='ltr'>in</span> <span class='ocrx_word' id='word_1_116' title='bbox 984 1817 1186 1882; x_wconf 88' lang='lat' dir='ltr'>perjuris</span> <span class='ocrx_word' id='word_1_117' title='bbox 1218 1828 1379 1866; x_wconf 86' lang='lat' dir='ltr'>tamen</span> <span class='ocrx_word' id='word_1_118' title='bbox 1415 1835 1620 1884; x_wconf 88' lang='lat' dir='ltr'>praesens</span> <span class='ocrx_word' id='word_1_119' title='bbox 1654 1819 1782 1866; x_wconf 88' lang='lat' dir='ltr'>ultor</span> 
     </span>
     <span class='ocr_line' id='line_1_19' title="bbox 362 1894 1783 1959; baseline 0.002 -18"><span class='ocrx_word' id='word_1_120' title='bbox 362 1894 550 1941; x_wconf 75' lang='lat' dir='ltr'>existit⁶.</span> <span class='ocrx_word' id='word_1_121' title='bbox 580 1897 700 1942; x_wconf 88' lang='lat' dir='ltr'>Nam</span> <span class='ocrx_word' id='word_1_122' title='bbox 726 1894 1034 1959; x_wconf 86' lang='lat' dir='ltr'>quicumque,</span> <span class='ocrx_word' id='word_1_123' title='bbox 1059 1905 1115 1942; x_wconf 91' lang='lat' dir='ltr'>ut</span> <span class='ocrx_word' id='word_1_124' title='bbox 1139 1896 1326 1958; x_wconf 87' lang='lat' dir='ltr'>assolet,</span> <span class='ocrx_word' id='word_1_125' title='bbox 1362 1897 1603 1944; x_wconf 88' lang='lat' dir='ltr'>occultum</span> <span class='ocrx_word' id='word_1_126' title='bbox 1632 1897 1783 1944; x_wconf 93' lang='lat' dir='ltr'>scelus</span> 
     </span>
     <span class='ocr_line' id='line_1_20' title="bbox 361 1971 1785 2040; baseline 0.002 -21"><span class='ocrx_word' id='word_1_127' title='bbox 361 1971 632 2035; x_wconf 88' lang='lat' dir='ltr'>admiserit,</span> <span class='ocrx_word' id='word_1_128' title='bbox 654 1983 701 2020; x_wconf 91' lang='lat' dir='ltr'>et</span> <span class='ocrx_word' id='word_1_129' title='bbox 722 1972 833 2021; x_wconf 89' lang='lat' dir='ltr'>data</span> <span class='ocrx_word' id='word_1_130' title='bbox 857 1973 1125 2038; x_wconf 90' lang='lat' dir='ltr'>suspicione</span> <span class='ocrx_word' id='word_1_131' title='bbox 1157 1974 1219 2022; x_wconf 92' lang='lat' dir='ltr'>ad</span> <span class='ocrx_word' id='word_1_132' title='bbox 1240 1974 1336 2022; x_wconf 92' lang='lat' dir='ltr'>hoc</span> <span class='ocrx_word' id='word_1_133' title='bbox 1363 1974 1618 2040; x_wconf 85' lang='lat' dir='ltr'>perductus</span> <span class='ocrx_word' id='word_1_134' title='bbox 1644 1973 1785 2022; x_wconf 87' lang='lat' dir='ltr'>fuerit</span> 
     </span>
     <span class='ocr_line' id='line_1_21' title="bbox 363 2049 1784 2116; baseline 0.003 -21"><span class='ocrx_word' id='word_1_135' title='bbox 363 2049 594 2116; x_wconf 89' lang='lat' dir='ltr'>templum</span> <span class='ocrx_word' id='word_1_136' title='bbox 608 2088 621 2112; x_wconf 90' lang='lat'><strong><em>‚</em></strong></span> <span class='ocrx_word' id='word_1_137' title='bbox 660 2060 742 2098; x_wconf 90' lang='lat' dir='ltr'>aut</span> <span class='ocrx_word' id='word_1_138' title='bbox 773 2051 929 2098; x_wconf 88' lang='lat' dir='ltr'>statim</span> <span class='ocrx_word' id='word_1_139' title='bbox 967 2051 1100 2116; x_wconf 92' lang='lat' dir='ltr'>quod</span> <span class='ocrx_word' id='word_1_140' title='bbox 1139 2050 1328 2099; x_wconf 91' lang='lat' dir='ltr'>admisit</span> <span class='ocrx_word' id='word_1_141' title='bbox 1360 2052 1532 2100; x_wconf 85' lang='lat' dir='ltr'>virtute</span> <span class='ocrx_word' id='word_1_142' title='bbox 1567 2051 1784 2115; x_wconf 86' lang='lat' dir='ltr'>martyris</span> 
     </span>
     <span class='ocr_line' id='line_1_22' title="bbox 363 2127 1784 2194; baseline 0.001 -19"><span class='ocrx_word' id='word_1_143' title='bbox 363 2129 637 2192; x_wconf 84' lang='lat' dir='ltr'>perterritus</span> <span class='ocrx_word' id='word_1_144' title='bbox 670 2127 948 2191; x_wconf 84' lang='lat' dir='ltr'>confitetur,</span> <span class='ocrx_word' id='word_1_145' title='bbox 981 2139 1084 2191; x_wconf 85' lang='lat' dir='ltr'>aut,</span> <span class='ocrx_word' id='word_1_146' title='bbox 1117 2129 1156 2176; x_wconf 92' lang='lat' dir='ltr'>si</span> <span class='ocrx_word' id='word_1_147' title='bbox 1184 2130 1493 2194; x_wconf 88' lang='lat' dir='ltr'>perjuraverit</span> <span class='ocrx_word' id='word_1_148' title='bbox 1509 2167 1522 2191; x_wconf 87' lang='lat'>,</span> <span class='ocrx_word' id='word_1_149' title='bbox 1565 2129 1784 2194; x_wconf 86' lang='lat' dir='ltr'>protinus</span> 
     </span>
     <span class='ocr_line' id='line_1_23' title="bbox 363 2207 1784 2272; baseline 0 -18"><span class='ocrx_word' id='word_1_150' title='bbox 363 2207 543 2255; x_wconf 89' lang='lat' dir='ltr'>ultione</span> <span class='ocrx_word' id='word_1_151' title='bbox 588 2207 752 2256; x_wconf 90' lang='lat' dir='ltr'>divina</span> <span class='ocrx_word' id='word_1_152' title='bbox 790 2207 1076 2272; x_wconf 87' lang='lat' dir='ltr'>percellitur.</span> <span class='ocrx_word' id='word_1_153' title='bbox 1119 2208 1269 2272; x_wconf 88' lang='lat' dir='ltr'>Hujus</span> <span class='ocrx_word' id='word_1_154' title='bbox 1304 2207 1508 2255; x_wconf 84' lang='lat' dir='ltr'>basilicoe</span> <span class='ocrx_word' id='word_1_155' title='bbox 1547 2223 1784 2255; x_wconf 90' lang='lat' dir='ltr'>cameram</span> 
     </span>
     <span class='ocr_line' id='line_1_24' title="bbox 364 2284 1782 2350; baseline 0.001 -20"><span class='ocrx_word' id='word_1_156' title='bbox 364 2285 553 2333; x_wconf 88' lang='lat' dir='ltr'>Juliana</span> <span class='ocrx_word' id='word_1_157' title='bbox 575 2285 812 2350; x_wconf 86' lang='lat' dir='ltr'>quaedam,</span> <span class='ocrx_word' id='word_1_158' title='bbox 830 2284 961 2332; x_wconf 91' lang='lat' dir='ltr'>urbis</span> <span class='ocrx_word' id='word_1_159' title='bbox 981 2285 1105 2332; x_wconf 91' lang='lat' dir='ltr'>illius</span> <span class='ocrx_word' id='word_1_160' title='bbox 1126 2294 1361 2350; x_wconf 82' lang='lat' dir='ltr'>matrona,</span> <span class='ocrx_word' id='word_1_161' title='bbox 1386 2300 1504 2332; x_wconf 88' lang='lat' dir='ltr'>auro</span> <span class='ocrx_word' id='word_1_162' title='bbox 1529 2284 1782 2350; x_wconf 84' lang='lat' dir='ltr'>purissimo</span> 
     </span>
     <span class='ocr_line' id='line_1_25' title="bbox 363 2361 1784 2426; baseline 0.001 -19"><span class='ocrx_word' id='word_1_163' title='bbox 363 2362 479 2409; x_wconf 86' lang='lat' dir='ltr'>texit</span> <span class='ocrx_word' id='word_1_164' title='bbox 510 2362 606 2410; x_wconf 93' lang='lat' dir='ltr'>hoc</span> <span class='ocrx_word' id='word_1_165' title='bbox 639 2362 806 2410; x_wconf 89' lang='lat' dir='ltr'>modo.</span> <span class='ocrx_word' id='word_1_166' title='bbox 850 2364 974 2409; x_wconf 91' lang='lat' dir='ltr'>Cum</span> <span class='ocrx_word' id='word_1_167' title='bbox 1002 2361 1064 2409; x_wconf 91' lang='lat' dir='ltr'>ad</span> <span class='ocrx_word' id='word_1_168' title='bbox 1100 2362 1435 2426; x_wconf 89' lang='lat' dir='ltr'>imperatorem</span> <span class='ocrx_word' id='word_1_169' title='bbox 1467 2362 1784 2410; x_wconf 85' lang='lat' dir='ltr'>Justinianum</span> 
     </span>
    </p>
   </div>
   <div class='ocr_carea' id='block_1_8' title="bbox 417 2508 1782 2747">
    <p class='ocr_par' dir='ltr' id='par_1_8' title="bbox 417 2508 1782 2625">
     <span class='ocr_line' id='line_1_26' title="bbox 417 2508 1782 2561; baseline 0.001 -15"><span class='ocrx_word' id='word_1_170' title='bbox 417 2511 471 2557; x_wconf 85' lang='lat'>(1)</span> <span class='ocrx_word' id='word_1_171' title='bbox 493 2512 550 2547; x_wconf 84' lang='lat' dir='ltr'>De</span> <span class='ocrx_word' id='word_1_172' title='bbox 560 2512 723 2548; x_wconf 81' lang='lat' dir='ltr'>Isiodori</span> <span class='ocrx_word' id='word_1_173' title='bbox 733 2508 1080 2558; x_wconf 79' lang='lat' dir='ltr'>martirisbasilica‚</span> <span class='ocrx_word' id='word_1_174' title='bbox 1097 2509 1216 2547; x_wconf 82' lang='grc'><strong>2205.</strong></span> <span class='ocrx_word' id='word_1_175' title='bbox 1231 2512 1289 2547; x_wconf 88' lang='lat' dir='ltr'>De</span> <span class='ocrx_word' id='word_1_176' title='bbox 1299 2511 1461 2548; x_wconf 72' lang='lat' dir='ltr'>Isiodori</span> <span class='ocrx_word' id='word_1_177' title='bbox 1472 2519 1653 2561; x_wconf 79' lang='lat' dir='ltr'>martyre,</span> <span class='ocrx_word' id='word_1_178' title='bbox 1663 2509 1782 2548; x_wconf 87' lang='grc'><strong>2204.</strong></span> 
     </span>
     <span class='ocr_line' id='line_1_27' title="bbox 417 2572 1433 2625; baseline 0.005 -17"><span class='ocrx_word' id='word_1_179' title='bbox 417 2573 472 2619; x_wconf 87' lang='grc'><strong>(2)</strong></span> <span class='ocrx_word' id='word_1_180' title='bbox 490 2575 537 2609; x_wconf 84' lang='lat' dir='ltr'>In</span> <span class='ocrx_word' id='word_1_181' title='bbox 559 2576 720 2610; x_wconf 81' lang='lat' dir='ltr'>insulam</span> <span class='ocrx_word' id='word_1_182' title='bbox 742 2573 897 2621; x_wconf 75' lang='lat' dir='ltr'>Chiam,</span> <span class='ocrx_word' id='word_1_183' title='bbox 919 2573 1039 2619; x_wconf 90' lang='grc'><strong>2204,</strong></span> <span class='ocrx_word' id='word_1_184' title='bbox 1060 2572 1181 2620; x_wconf 80' lang='grc'><strong>2205,</strong></span> <span class='ocrx_word' id='word_1_185' title='bbox 1204 2585 1318 2625; x_wconf 87' lang='lat' dir='ltr'>supp.</span> <span class='ocrx_word' id='word_1_186' title='bbox 1342 2574 1433 2613; x_wconf 84' lang='grc'><strong>478.</strong></span> 
     </span>
    </p>

    <p class='ocr_par' dir='ltr' id='par_1_9' title="bbox 418 2634 1165 2686">
     <span class='ocr_line' id='line_1_28' title="bbox 418 2634 1165 2686; baseline 0.001 -15"><span class='ocrx_word' id='word_1_187' title='bbox 418 2635 472 2683; x_wconf 87' lang='lat'>(3)</span> <span class='ocrx_word' id='word_1_188' title='bbox 491 2636 567 2675; x_wconf 92' lang='lat' dir='ltr'>An.</span> <span class='ocrx_word' id='word_1_189' title='bbox 588 2637 682 2684; x_wconf 76' lang='lat'><strong>252,</strong></span> <span class='ocrx_word' id='word_1_190' title='bbox 710 2637 761 2673; x_wconf 82' lang='lat'>15</span> <span class='ocrx_word' id='word_1_191' title='bbox 782 2634 895 2682; x_wconf 83' lang='lat' dir='ltr'>maii,</span> <span class='ocrx_word' id='word_1_192' title='bbox 915 2647 1062 2686; x_wconf 70' lang='lat' dir='ltr'>passus.</span> <span class='ocrx_word' id='word_1_193' title='bbox 1085 2637 1165 2683; x_wconf 89' lang='lat' dir='ltr'>(R.)</span> 
     </span>
    </p>

    <p class='ocr_par' dir='ltr' id='par_1_10' title="bbox 420 2696 1146 2747">
     <span class='ocr_line' id='line_1_29' title="bbox 420 2696 1146 2747; baseline 0.003 -14"><span class='ocrx_word' id='word_1_194' title='bbox 420 2697 474 2743; x_wconf 90' lang='grc'>(4)</span> <span class='ocrx_word' id='word_1_195' title='bbox 493 2698 569 2737; x_wconf 87' lang='lat' dir='ltr'>An.</span> <span class='ocrx_word' id='word_1_196' title='bbox 592 2699 669 2736; x_wconf 77' lang='grc'><strong>250</strong></span> <span class='ocrx_word' id='word_1_197' title='bbox 687 2706 754 2736; x_wconf 84' lang='lat' dir='ltr'>aut</span> <span class='ocrx_word' id='word_1_198' title='bbox 774 2698 868 2745; x_wconf 76' lang='lat'><strong>252,</strong></span> <span class='ocrx_word' id='word_1_199' title='bbox 889 2699 938 2736; x_wconf 88' lang='grc'>13</span> <span class='ocrx_word' id='word_1_200' title='bbox 959 2696 1036 2737; x_wconf 88' lang='lat' dir='ltr'>feb.</span> <span class='ocrx_word' id='word_1_201' title='bbox 1059 2698 1146 2747; x_wconf 76' lang='lat' dir='ltr'>(R.)</span> 
     </span>
    </p>
   </div>
   <div class='ocr_carea' id='block_1_9' title="bbox 370 2757 1787 2871">
    <p class='ocr_par' dir='ltr' id='par_1_11' title="bbox 370 2757 1787 2871">
     <span class='ocr_line' id='line_1_30' title="bbox 418 2757 1787 2815; baseline 0.004 -21"><span class='ocrx_word' id='word_1_202' title='bbox 418 2759 474 2805; x_wconf 75' lang='lat'>(5)</span> <span class='ocrx_word' id='word_1_203' title='bbox 491 2757 552 2795; x_wconf 91' lang='lat' dir='ltr'>Ob</span> <span class='ocrx_word' id='word_1_204' title='bbox 570 2757 645 2797; x_wconf 89' lang='lat' dir='ltr'>hoc</span> <span class='ocrx_word' id='word_1_205' title='bbox 664 2759 778 2799; x_wconf 84' lang='lat' dir='ltr'>etiam</span> <span class='ocrx_word' id='word_1_206' title='bbox 796 2759 899 2811; x_wconf 87' lang='lat' dir='ltr'>apud</span> <span class='ocrx_word' id='word_1_207' title='bbox 916 2761 1084 2799; x_wconf 86' lang='lat' dir='ltr'>Francos</span> <span class='ocrx_word' id='word_1_208' title='bbox 1102 2768 1185 2799; x_wconf 86' lang='lat' dir='ltr'>erat</span> <span class='ocrx_word' id='word_1_209' title='bbox 1202 2759 1375 2801; x_wconf 83' lang='lat' dir='ltr'>celebris.</span> <span class='ocrx_word' id='word_1_210' title='bbox 1389 2761 1484 2800; x_wconf 87' lang='lat' dir='ltr'>Vide</span> <span class='ocrx_word' id='word_1_211' title='bbox 1501 2775 1615 2815; x_wconf 85' lang='lat' dir='ltr'>supra</span> <span class='ocrx_word' id='word_1_212' title='bbox 1629 2762 1694 2802; x_wconf 88' lang='lat' dir='ltr'>lib.</span> <span class='ocrx_word' id='word_1_213' title='bbox 1715 2762 1787 2800; x_wconf 86' lang='lat' dir='ltr'>vn</span> 
     </span>
     <span class='ocr_line' id='line_1_31' title="bbox 370 2819 769 2871; baseline 0.01 -15"><span class='ocrx_word' id='word_1_214' title='bbox 370 2819 486 2866; x_wconf 70' lang='lat' dir='ltr'>nist„</span> <span class='ocrx_word' id='word_1_215' title='bbox 507 2832 593 2871; x_wconf 85' lang='lat' dir='ltr'>cap.</span> <span class='ocrx_word' id='word_1_216' title='bbox 615 2834 670 2859; x_wconf 76' lang='lat' dir='ltr'>vx.</span> <span class='ocrx_word' id='word_1_217' title='bbox 688 2823 769 2871; x_wconf 83' lang='lat' dir='ltr'>(R.)</span> 
     </span>
    </p>
   </div>
  </div>
 </body>
</html>
