2002 3418
353 327 429 364 104
755 328 822 365 DE
848 327 1034 366 GLORIA
1062 329 1359 365 MARTYRUM.

352 415 506 462 decim
526 415 577 462 in
599 414 807 463 medium
828 416 1036 481 paludis,
1071 415 1152 462 ubi
1186 417 1368 463 nullum
1390 433 1580 481 prorsus
1602 428 1759 483 posset

353 509 474 557 opus
518 491 701 539 efficere
721 530 733 553 ,
775 492 996 540 fluctibus
1035 495 1207 559 sparsis
1240 495 1462 541 exoritur.
1513 497 1758 561 Extemplo

353 570 567 617 omnium
597 580 777 617 mentes
808 572 950 618 timor
974 571 1188 632 obsedit,
1223 582 1269 619 et
1300 588 1480 618 novum
1505 572 1759 635 quemdam

353 648 576 696 advenire
607 649 788 712 regioni
815 649 908 695 loci
940 649 1104 696 incolae
1137 649 1463 714 praestolantur
1492 649 1756 711 interitum,

352 727 584 791 simulque
618 737 664 773 et
699 726 983 774 beneficium
1024 728 1155 791 quod
1200 727 1376 774 habere
1421 737 1770 775 consueverant>

347 804 448 868 jugi
486 804 600 850 fletu
636 804 902 868 deplorant.
948 805 1243 851 Curriculum
1276 806 1415 867 igitur
1450 805 1591 851 unius
1623 814 1764 868 atque

354 881 544 927 alterius
565 881 679 927 anni
698 882 747 927 in
769 881 859 928 hac
885 881 1098 929 ariditate
1124 883 1404 946 pertransiit.
1437 884 1660 928 Arescunt
1691 882 1765 928 siu·

353 957 447 1004 loci
486 958 608 1004 illius
643 959 804 1005 omnia
821 996 832 1018 ,
878 950 988 1021 quae
1023 959 1214 1021 irrigare
1251 969 1576 1007 consueverat.
1612 959 1765 1005 Tertio

356 1051 547 1098 quoque
567 1051 714 1094 anno,
741 1035 912 1081 accidit
929 1045 982 1081 ut
1003 1036 1198 1098 quidam
1220 1037 1308 1082 iter
1331 1053 1490 1099 agens,
1516 1035 1645 1082 beati
1664 1036 1766 1082 Cle—

356 1112 524 1158 mentis
555 1111 796 1175 martyris,
835 1111 969 1174 cujus
994 1113 1093 1174 jam
1127 1129 1268 1176 supra
1298 1114 1596 1160 meminimus
1609 1150 1621 1174 ,
1661 1113 1767 1160 reli-

356 1188 490 1251 quias
512 1186 772 1248 exhiberet,
789 1204 907 1251 quas
926 1188 1085 1234 Aridio
1102 1191 1131 1249 ¹,
1153 1189 1299 1253 ipsius
1321 1188 1452 1236 urbis
1472 1189 1765 1254 presbytero,

355 1265 458 1311 viro
498 1265 548 1311 in
583 1264 715 1310 omni
741 1265 984 1311 sanctitate
1017 1265 1235 1328 religioso
1249 1303 1262 1327 ,
1300 1265 1483 1313 detulit.
1521 1266 1589 1313 Ad
1626 1282 1770 1329 quem

357 1359 485 1403 cum,
511 1341 588 1388 die
611 1351 869 1405 noctuque,
890 1342 1035 1388 vicini
1054 1342 1206 1389 moesti
1227 1342 1476 1390 tenderent
1493 1380 1505 1404 ,
1528 1342 1695 1391 confisi
1709 1343 1771 1391 de

358 1419 459 1483 ejus
473 1419 705 1479 oratione,
722 1418 871 1480 quod,
890 1418 927 1464 si
941 1428 1120 1482 peteret
1134 1420 1407 1480 Dominum,
1422 1419 1601 1467 sontem
1613 1428 1771 1485 posset

359 1511 446 1543 suo
466 1495 708 1542 restituere
727 1494 854 1555 loce,
879 1495 944 1541 ait
965 1512 974 1540 :
994 1515 1024 1537 va
1048 1495 1236 1556 Eamus,
1257 1496 1432 1560 inquit,
1459 1495 1768 1557 dilectissimi,

358 1584 406 1621 et
427 1574 466 1620 si
487 1589 599 1620 vera
628 1583 737 1619 sunt
766 1589 870 1636 quae
898 1573 1099 1637 portitor
1121 1583 1282 1620 noster
1314 1574 1526 1635 asseruit,
1548 1574 1648 1621 haec
1671 1590 1770 1622 esse

358 1651 610 1698 Clementis
632 1651 847 1714 martyris
864 1651 1080 1715 pignora,
1104 1668 1233 1698 nunc
1257 1651 1520 1716 apparebit,
1541 1668 1652 1698 cum
1672 1652 1773 1715 ejus

359 1728 498 1776 fuerit
519 1729 665 1776 virtus
680 1728 998 1787 manifestata.
1021 1748 1044 1773 υ
1074 1732 1204 1775 Tunc
1226 1746 1337 1776 cum
1358 1729 1606 1794 psallentio
1624 1729 1685 1776 ad
1701 1729 1772 1776 lo-

360 1823 469 1854 cum
508 1807 649 1862 fontis
687 1807 884 1854 accedit.
929 1810 1001 1868 Et,
1042 1807 1179 1854 dictis
1218 1807 1436 1871 psalmis,
1474 1807 1524 1853 in
1557 1808 1771 1854 oratione

359 1885 688 1950 prosternitur,
714 1884 971 1948 positisque
999 1885 1171 1931 sanctis
1199 1884 1408 1947 reliquiis
1436 1885 1484 1930 in
1506 1885 1609 1949 ipso
1631 1884 1773 1932 fontis

359 1962 513 2023 aditu,
550 1962 683 2026 petiit
711 1971 764 2008 ut
792 1962 874 2024 qui
906 1962 1151 2026 quondam
1175 1962 1223 2007 in
1246 1961 1431 2007 deserto
1455 1961 1688 2009 damnatis
1711 1962 1773 2009 ad

358 2039 563 2087 secanda
583 2054 820 2085 marmora
838 2038 1014 2084 flumen
1043 2039 1280 2100 inriguum
1310 2036 1545 2101 patet'ecit,
1570 2038 1620 2084 in
1643 2038 1774 2086 hunc

357 2117 518 2163 locum
554 2132 702 2179 aquas
717 2153 729 2176 ,
771 2131 889 2179 quas
922 2116 1053 2180 prius
1088 2116 1167 2180 pia
1202 2114 1460 2161 indulserat
1480 2114 1769 2176 clementia,

357 2193 611 2241 Clementis
630 2193 800 2239 iterum
824 2192 1095 2238 intercessio
1121 2200 1378 2238 revocaret.
1409 2191 1539 2237 Illico
1557 2207 1680 2239 vena
1698 2208 1772 2239 re-

360 2271 506 2318 currit
527 2270 587 2317 ad
610 2270 791 2317 aditum
822 2285 1016 2332 magnas
1046 2285 1273 2315 evomens
1309 2284 1455 2331 aquas
1470 2305 1483 2328 ,
1518 2267 1768 2332 illumque,

360 2364 504 2411 quem
543 2348 674 2412 prius
709 2355 923 2393 tenuerat
940 2383 952 2406 ,
993 2346 1177 2392 alveum
1225 2343 1523 2391 decurrendo
1557 2345 1767 2410 replevit.

360 2423 712 2471 Admirantibus
743 2423 948 2489 populis,
978 2422 1217 2469 immensae
1246 2422 1402 2484 gratiae
1425 2421 1632 2468 Domino
1655 2421 1773 2469 refe-

360 2511 545 2561 runtur,
565 2501 647 2565 qui
669 2510 717 2548 et
734 2499 950 2563 martyris
967 2498 1188 2545 virtutem
1207 2498 1440 2563 prodidit,
1465 2508 1513 2545 et
1531 2498 1683 2546 fidelis
1701 2500 1773 2547 sui

356 2579 624 2626 'orationem
646 2578 841 2643 implere
863 2577 1082 2640 dignatus
1106 2586 1191 2623 est.

415 2743 423 2762 ¹
455 2747 491 2782 Is
515 2753 571 2781 est
597 2753 749 2782 sanctus
776 2743 926 2782 Aridius
951 2743 998 2781 de
1025 2755 1103 2804 quo
1130 2742 1207 2793 agit
1235 2741 1442 2793 Gregorius
1469 2741 1632 2794 passim,
1665 2741 1773 2790 cujus

363 2806 484 2845 Vitam
502 2806 602 2845 infra
619 2805 809 2845 dabimus.
832 2808 910 2854 (R.)
