2002 3418
373 365 446 402 ¹02
772 364 838 400 DE
867 364 1054 401 GLORIA
1083 365 1377 401 MARTYRUM.

371 453 483 517 tyris
519 453 861 500 solemnitatem
878 490 890 514 ‚
938 452 1143 500 fortassis
1181 452 1241 500 de
1278 453 1510 500 infantulo
1547 455 1584 500 si
1623 456 1779 520 aliqua

371 530 581 577 invenire
605 530 753 596 possit
775 529 966 577 indicia.
994 530 1120 588 Quid
1142 530 1278 595 plura
1297 530 1316 575 ?
1343 530 1604 578 Recedente
1626 532 1776 592 mari,

371 607 596 673 anticipat
624 623 790 654 omnes
809 607 871 654 ad
890 607 1274 670 ingrediendum,
1303 616 1349 654 et
1369 608 1470 672 ipsa
1491 609 1644 673 prima
1663 626 1779 675 prae-

371 684 494 732 cedit
523 685 585 732 ad
619 684 868 731 tumulum.
904 687 1118 750 Cumque
1141 694 1373 750 prostrata
1396 686 1499 733 solo
1519 687 1781 735 orationem

371 762 613 827 explesset,
637 772 792 809 erecta
807 779 1008 824 sursum,
1031 763 1161 825 genis
1177 762 1381 810 ubertim
1405 763 1602 810 fletuum
1621 764 1783 812 imbri-

371 839 462 886 bus
493 839 790 901 madefactis,
818 840 935 887 dum
960 832 1148 888 divertit
1170 841 1218 887 in
1246 852 1378 906 parte
1402 842 1548 889 altera
1569 842 1751 889 vultum
1767 880 1779 903 ,

372 917 538 983 aspicit
573 917 723 964 filium
755 918 805 964 in
837 918 1006 966 eodem
1034 919 1143 966 loco
1162 957 1174 980 ,
1210 919 1294 966 ubi
1324 936 1434 966 eum
1468 920 1784 968 dormientem

373 996 626 1059 reliquerat
641 1032 653 1056 ,
695 997 745 1042 in
781 997 884 1060 ipso
929 996 1087 1042 adhuc
1122 1013 1294 1061 sopore
1330 998 1496 1045 teneri.
1534 998 1786 1045 AEstimans

374 1083 533 1120 autem
554 1089 665 1119 eum
696 1089 795 1120 esse
820 1072 1097 1120 defunctum
1112 1111 1125 1135 ,
1161 1075 1344 1122 accedit
1376 1076 1615 1136 cominus,
1653 1075 1785 1138 quasi

376 1150 631 1197 collectura
664 1149 865 1196 cadaver
895 1150 1111 1196 exanime
1141 1170 1151 1195 :
1179 1152 1262 1198 sed
1275 1188 1287 1211 ,
1314 1169 1424 1199 cum
1447 1169 1558 1199 eum
1578 1152 1786 1199 dormire

375 1228 697 1289 cognovisset,
726 1227 980 1274 excitatum
1012 1227 1258 1289 velociter,
1289 1229 1666 1293 exspectantibus
1699 1247 1786 1295 po-

376 1304 516 1369 pulis,
534 1304 823 1351 incolumem
838 1304 1010 1352 levavit
1027 1306 1075 1351 in
1090 1306 1238 1366 ulnis3
1261 1306 1649 1371 interrogansque
1667 1307 1789 1353 inter

377 1379 539 1426 oscula
566 1378 651 1426 ubi
675 1396 761 1444 per
782 1380 896 1426 anni
918 1378 1077 1427 fuisset
1104 1381 1335 1445 spatium,
1362 1380 1542 1428 nescire
1575 1397 1624 1427 se
1653 1380 1719 1428 ait
1751 1380 1789 1426 si

378 1472 531 1502 annus
552 1456 731 1519 integer
751 1457 1069 1521 praeteriisset,
1096 1467 1280 1503 tantum
1311 1456 1556 1504 dormiisse
1585 1474 1635 1504 se
1658 1456 1789 1504 suavi

378 1549 549 1596 sopore
572 1533 620 1579 in
645 1533 785 1579 unius
807 1534 960 1580 noctis
984 1534 1135 1598 spatio
1153 1533 1427 1580 aestimabat.

898 1705 1053 1739 CAPUT
1077 1704 1267 1739 XXXVII.

739 1809 791 1843 De
809 1820 900 1855 aqua
919 1809 1026 1844 fontis
1042 1812 1117 1857 ejus
1132 1809 1258 1844 virtute
1277 1809 1435 1846 reducta.

445 1923 569 1967 Fons
598 1929 698 1968 erat
730 1921 942 1984 inriguus
972 1922 1070 1968 ruri
1104 1921 1293 1969 cuidam
1308 1958 1320 1982 ,
1354 1920 1477 1969 infra
1505 1921 1791 1969 territorium

380 1996 511 2045 urbis
525 1998 852 2060 Lemovicinae,
869 1998 1002 2062 cujus
1012 1999 1144 2046 unda
1159 2010 1257 2046 tam
1267 2000 1519 2046 hortorum
1533 2007 1632 2046 sata
1649 2008 1792 2063 quam

381 2078 605 2136 agrorum
625 2073 751 2119 culta
773 2073 848 2119 vel
871 2061 1063 2121 fovebat
1084 2090 1296 2134 accessu,
1323 2071 1399 2120 vel
1427 2074 1606 2138 impetu
1632 2073 1793 2121 fecun-

381 2149 541 2198 dabat.
569 2149 919 2210 Deducebatur,
954 2152 1094 2198 etiam
1114 2151 1246 2198 factis
1263 2150 1556 2213 decursibus,
1579 2164 1666 2217 per
1686 2152 1791 2199 loca

382 2228 642 2275 necessaria
684 2238 737 2275 ut
786 2228 871 2275 uhi
920 2245 1030 2276 eum
1063 2239 1232 2276 natura
1265 2244 1365 2275 non
1398 2228 1544 2276 dabat
1584 2228 1791 2276 studium

381 2315 690 2371 provocaret3
736 2315 783 2352 et
820 2316 920 2353 erat
963 2316 1058 2353 tam
1097 2306 1314 2353 dulcibus
1349 2322 1472 2353 vena
1505 2305 1792 2355 exuberante

383 2383 569 2430 fluentis
598 2392 652 2429 ut
683 2382 888 2446 gaudere
917 2400 1132 2430 cerneres
1171 2384 1275 2430 olus
1308 2383 1405 2430 sive
1438 2383 1691 2447 virgultum
1707 2421 1720 2444 ‚
1754 2385 1791 2431 si

382 2458 541 2508 fuisset
562 2460 623 2508 ab
644 2461 815 2508 eodem
845 2461 1105 2525 irrigatum.
1137 2460 1467 2526 Opitulabatur
1493 2461 1635 2508 etiam
1662 2461 1712 2507 in
1734 2477 1792 2508 eo

382 2539 528 2601 gratia
556 2539 806 2603 Majestatis
840 2539 1010 2586 divinae
1044 2549 1099 2586 ut
1116 2577 1129 2601 ,
1164 2540 1213 2586 in
1237 2556 1334 2603 quo
1369 2539 1528 2586 fuisset
1562 2539 1792 2586 fluentum

382 2616 626 2679 emissum,
651 2618 876 2665 velociter
905 2619 1114 2681 germina
1141 2619 1407 2683 acciperent
1427 2618 1788 2665 incremenmm.

385 2697 598 2758 Cumque
621 2712 731 2742 eum
762 2696 928 2743 incolae
955 2697 1072 2757 loci,
1108 2696 1242 2760 quasi
1263 2696 1432 2743 ludum
1461 2705 1678 2759 agentes,
1708 2713 1793 2761 per

385 2772 568 2836 singula
581 2790 780 2837 quaeque
794 2773 901 2820 loca
915 2773 1221 2834 deducerent,
1237 2773 1538 2833 insidiatoris,
1557 2782 1610 2819 ut
1626 2772 1788 2833 oredo,

386 2850 564 2898 invidia
592 2850 680 2897 sub
710 2861 833 2898 terra
868 2852 1141 2911 dehiscens,
1169 2863 1225 2898 ac
1253 2853 1381 2898 velut
1409 2852 1458 2897 in
1490 2850 1649 2898 stadiis
1672 2850 1792 2899 duo·-
