2002 3418
373 307 420 342 36
770 308 836 344 DE
866 308 1047 345 GLORIA
1080 307 1374 345 MARTYRUM.

372 395 681 460 deprecemur
705 396 965 443 Dominum
978 434 991 457 ,
1015 406 1062 444 et
1083 395 1274 443 forsitan
1290 383 1600 442 transmittere
1616 393 1776 458 digna·

369 473 498 521 bitur
506 474 615 521 alim
620 484 744 522 enta.
755 495 778 518 »
790 475 1005 538 Denique
1015 484 1375 540 prosternuntur
1384 473 1445 521 ad
1454 474 1776 539 pavimentum

369 552 550 616 templi.
566 552 820 615 Vigilantes
836 553 993 616 itaque
1008 562 1198 599 noctem
1219 552 1269 598 in
1288 551 1477 617 psalmis
1495 551 1777 615 hymnisque

371 638 418 675 et
451 629 644 676 canticis
674 628 958 694 spiritalibus
982 629 1319 693 perduxerunt.
1357 631 1571 692 Cumque
1597 645 1646 676 se
1670 638 1780 693 post

371 707 629 753 matutinos
648 723 819 753 somno
839 705 1097 766 dedissent,
1121 707 1251 752 venit
1272 706 1465 768 angelus
1487 706 1707 767 Domini,
1733 715 1780 752 et

370 785 528 849 posuit
568 801 708 848 super
750 784 893 832 altare
929 784 1279 830 multitudinem
1321 784 1622 830 innumeram
1656 783 1774 830 auri.

372 864 517 909 Erant
558 862 687 910 enim
721 862 840 909 ostia
879 861 990 908 aedis
1026 860 1258 908 obserata.
1299 863 1583 924 Exsurgente
1621 870 1778 907 autem

370 955 510 985 mane
533 938 705 986 abbate
728 956 837 985 cum
862 938 1109 985 monachis
1128 938 1189 984 ad
1211 937 1548 985 celebrandum
1569 954 1776 999 cursum,

370 1015 592 1062 viderunt
615 1015 967 1062 multitudinem
991 1015 1093 1062 auri
1115 1031 1254 1079 super
1275 1015 1434 1062 altare.
1465 1018 1522 1062 Et
1543 1016 1607 1063 ait
1633 1015 1781 1063 abbas
1799 1003 1801 1007 ¹

371 1093 558 1139 custodi
570 1093 698 1139 aedis¹
712 1110 724 1140 :
745 1113 767 1135 «
781 1092 899 1149 Quis
909 1091 1238 1156 praefectorum
1246 1091 1343 1138 huc
1358 1092 1590 1155 ingressus
1601 1102 1687 1154 est,
1699 1093 1781 1156 qui

370 1169 472 1217 haec
513 1169 709 1217 detulit?
734 1188 756 1214 »
790 1169 1080 1234 Respondit:
1111 1189 1133 1212 «
1158 1171 1268 1215 Post
1301 1185 1536 1232 egressum
1573 1179 1782 1217 vestrum

373 1247 530 1294 nullus
551 1247 632 1294 hic
656 1247 911 1294 hominum
931 1263 1169 1294 accessum
1198 1245 1388 1308 habuit,
1420 1245 1502 1293 sed
1524 1247 1630 1293 ostii
1652 1247 1782 1295 clave

373 1324 608 1371 munitam
626 1325 815 1385 retinui,
835 1334 882 1371 et
896 1341 1091 1371 mecum
1102 1323 1267 1384 habui,
1288 1323 1442 1370 donec
1457 1339 1670 1386 surgeres
1683 1326 1697 1349 ²
1721 1324 1783 1372 ad

373 1401 780 1448 commovendum
790 1402 995 1464 signum.
1017 1421 1039 1445 »
1058 1404 1188 1447 Tunc
1201 1411 1391 1465 stupens
1403 1400 1552 1448 abhas
1563 1418 1674 1448 cum
1686 1418 1786 1448 mo·

374 1477 555 1539 nachis,
576 1495 750 1525 munus
767 1478 952 1525 coeleste
971 1477 1197 1524 intellexit
1217 1495 1227 1522 :
1249 1477 1510 1541 gratiasque
1526 1480 1628 1523 Deo
1641 1493 1784 1541 agens

375 1554 584 1617 collegit,
610 1555 988 1620 comparatisque
1002 1554 1146 1600 victui
1166 1554 1458 1614 necessariiS,
1478 1552 1668 1618 plebem
1683 1571 1784 1601 cre-

376 1631 523 1679 ditam
547 1632 794 1680 affluenter
811 1632 986 1679 refecit.
1008 1633 1103 1680 Nec
1122 1632 1295 1678 mirum
1313 1632 1352 1678 si
1369 1631 1509 1678 beata
1529 1631 1668 1694 Virgo
1684 1632 1784 1678 sine

375 1707 540 1755 labore
559 1709 654 1756 suis
674 1709 869 1774 protulit
889 1709 1068 1755 victum
1081 1746 1093 1770 ,
1121 1724 1225 1772 quae
1242 1708 1342 1754 sine
1365 1708 1493 1754 coitu
1516 1707 1605 1754 viri
1629 1708 1785 1755 conci-

376 1786 534 1850 piens,
558 1787 692 1851 virgo
714 1788 973 1853 permansit
993 1797 1040 1834 et
1061 1797 1169 1852 post
1187 1796 1394 1852 partum.

443 1865 592 1928 Hujus
612 1865 761 1913 beatae
779 1866 983 1929 Virginis
1006 1865 1226 1929 reliquias
1247 1882 1358 1912 cum
1379 1874 1652 1912 sanctorum
1674 1880 1787 1930 apo-

380 1941 611 1988 stolorum
638 1943 713 1990 vel
733 1942 859 1991 beati
881 1943 1069 1990 Martini
1097 1941 1304 2006 quadam
1329 1941 1430 1988 vice
1457 1958 1599 2006 super
1629 1958 1706 1989 me
1736 1941 1785 1988 in

380 2034 520 2065 cruce
556 2035 700 2067 aurea
740 2021 917 2085 positas
953 2019 1254 2067 exhibebam.
1293 2021 1507 2083 Cumque
1539 2035 1625 2083 per
1660 2018 1787 2065 viam

381 2096 701 2159 graderemur,
727 2098 970 2163 conspicio
991 2097 1123 2145 haud
1142 2097 1309 2161 procul
1332 2112 1361 2143 a
1380 2097 1455 2143 via
1478 2095 1787 2160 hospitiolum

381 2172 627 2235 cujusdam
645 2175 864 2239 pauperis
886 2174 1107 2221 incendio
1124 2172 1434 2219 concremari.
1457 2173 1566 2218 Erat
1581 2181 1738 2218 autem
1759 2187 1788 2218 a

382 2249 529 2312 soliis,
570 2269 675 2316 quae
707 2252 895 2315 ignibus
931 2252 1136 2298 maxima
1158 2259 1377 2314 praestant
1407 2248 1644 2310 fomenta,
1676 2265 1789 2296 con-

382 2337 574 2375 tectum.
602 2330 831 2377 Currebat
865 2330 1006 2376 miser
1036 2345 1146 2374 cum
1178 2326 1334 2373 liberis
1360 2336 1406 2373 et
1436 2343 1583 2373 uxore
1614 2342 1787 2390 aquam

384 2404 664 2469 deportans,
692 2406 775 2453 sed
804 2406 1005 2453 flammae
1033 2421 1134 2450 non
1169 2403 1519 2467 mitigabantur.
1555 2405 1686 2449 Tunc
1715 2419 1788 2449 ex-

384 2490 582 2528 tractam
604 2499 632 2530 a
656 2493 848 2548 pectore
877 2498 1067 2529 crucem
1097 2481 1229 2528 elevo
1258 2490 1424 2527 contra
1451 2480 1608 2543 ignem
1638 2499 1649 2525 :
1673 2495 1786 2526 mox

383 2559 431 2604 in
463 2571 656 2624 aspectu
691 2571 958 2608 sanctarum
994 2560 1295 2622 reliquiarum
1337 2560 1399 2605 ita
1433 2568 1630 2605 cunctus
1670 2557 1789 2618 ignis

385 2634 650 2700 obstupuit,
677 2654 732 2684 ac
754 2639 791 2696 si
814 2654 913 2684 non
936 2637 1093 2683 suisset
1114 2652 1353 2683 accensus.

440 2806 495 2855 (1)
514 2805 634 2853 2204,
655 2805 809 2844 aedituo.
824 2807 940 2854 -(2)
954 2808 1161 2856 Smgerem,
1182 2803 1281 2842 Clar.
1302 2815 1339 2842 a.
1359 2804 1439 2850 (R.)

1118 3003 1127 3024 0
