2002 3418
437 368 513 406 380
740 371 807 409 DE
835 373 1108 413 MIRACULIS
1137 374 1308 412 SANCTI
1335 375 1544 413 JULIANI.

434 465 616 505 ctarum
640 458 946 523 reliquiarum
967 460 1133 508 oculos
1158 460 1335 525 attigit,
1360 461 1524 510 lumen
1541 464 1733 530 recepit.
1753 465 1846 514 Sed

433 545 480 584 et
507 538 830 601 energumeni,
855 538 918 587 ab
950 538 1043 587 hac
1071 538 1197 604 palla
1219 540 1463 605 cooperti,
1490 557 1611 607 saepe
1631 541 1847 590 mundati

433 623 565 673 sunt3
592 624 638 662 et
658 625 865 680 potestas
881 615 1123 680 judicum,
1157 617 1551 681 quotiescumque
1583 618 1632 665 in
1655 633 1716 666 eo
1735 618 1845 666 loco

431 692 671 756 superflue
695 693 810 757 egit,
833 693 1032 742 confusa
1053 693 1279 742 discessit.

985 827 1142 863 CAPUT
1165 828 1301 863 XLIII.

908 916 961 951 De
979 928 1082 952 cruce
1096 918 1214 953 altaris
1229 918 1358 954 furata.

496 994 738 1042 pendebat
774 1005 935 1043 autem
973 1014 1116 1062 super
1145 999 1303 1064 ipsum
1339 1001 1484 1048 altare
1521 1003 1659 1048 crux¹
1692 1001 1841 1051 holo-

427 1088 584 1137 crysa,
617 1074 818 1138 eleganti
841 1091 984 1140 opere
1009 1076 1131 1124 facta
1151 1094 1163 1124 ε
1188 1087 1237 1125 et
1258 1089 1359 1126 erat
1385 1089 1483 1127 tam
1497 1080 1720 1144 praeclara
1735 1081 1838 1129 visu

427 1162 479 1199 ut
504 1168 611 1199 eam
631 1163 821 1218 putares
853 1171 910 1201 ex
933 1172 1052 1203 auro
1080 1171 1180 1203 esse
1208 1156 1539 1204 mundissimo.
1579 1158 1842 1206 Advenien-

426 1229 552 1277 tibus
585 1248 701 1279 vero
732 1232 972 1294 barbaris,
995 1250 1022 1282 a
1047 1233 1260 1298 quodam
1291 1250 1390 1281 esse
1419 1250 1563 1282 aurea
1590 1235 1835 1297 aestimata,

425 1304 608 1371 direpta
630 1316 700 1354 est
733 1317 779 1354 et
806 1308 913 1355 sinu
938 1307 1200 1356 recondita.
1224 1311 1281 1355 At
1301 1309 1340 1355 is
1362 1309 1445 1373 qui
1466 1325 1572 1357 eam
1590 1310 1839 1359 sustulerat

423 1391 557 1430 tanto
599 1383 758 1431 subito
800 1385 1014 1450 pondere
1060 1396 1377 1451 praegravatur
1412 1395 1466 1433 ut
1509 1402 1616 1434 eam
1651 1386 1839 1452 penitus

422 1461 651 1517 sustinere
683 1478 782 1509 non
814 1473 996 1528 posset,
1035 1464 1286 1529 statimque
1320 1473 1635 1529 compunctus
1666 1464 1837 1512 virtute

422 1540 640 1603 martyris
661 1557 718 1588 ac
742 1542 1022 1606 poenitentia
1047 1551 1206 1589 motus
1234 1542 1294 1590 de
1323 1542 1490 1590 itinere
1515 1542 1836 1591 transmissam

420 1615 530 1665 loco
553 1628 719 1667 sancto
742 1619 957 1667 restituit.

972 1730 1128 1766 CAPUT
1153 1730 1284 1765 XLIV.

774 1814 932 1858 Qualiter
947 1815 1098 1862 expetita
1114 1823 1195 1851 sunt
1211 1815 1287 1862 ejus
1301 1814 1464 1862 pignora.

482 1897 599 1954 Quae
631 1906 739 1963 post
774 1913 887 1946 uam
912 1908 1041 1962 gesta
1077 1908 1209 1960 sunt,
1234 1898 1384 1945 misit’
1412 1897 1637 1945 clericum
1652 1909 1826 1960 sumn,

416 1971 579 2020 dicens
603 1990 614 2020 :
644 1994 668 2018 α
691 1913 847 2036 Veffie,
872 1976 1044 2039 inquit,
1071 1975 1133 2023 ad
1150 1974 1278 2023 beati
1298 1974 1473 2022 Juliani
1495 1973 1756 2036 basilicam,
1784 1984 1832 2023 et

416 2049 621 2098 fundens
654 2052 921 2101 orationem
950 2053 1164 2118 supplica
1197 2062 1251 2116 ut
1282 2051 1370 2099 tibi
1401 2051 1582 2116 aliquid
1608 2067 1728 2099 cerae
1754 2053 1830 2101 vel

414 2127 622 2192 pulveris
645 2128 705 2176 de
727 2130 943 2195 sepulcro
963 2130 1162 2195 jacentis
1182 2129 1341 2194 largiri
1363 2129 1617 2193 dignentur
1641 2128 1825 2191 aeditui,

414 2214 467 2251 ut
491 2204 702 2254 delatum
723 2223 753 2255 a
773 2225 851 2255 me
879 2225 990 2256 cum
1011 2208 1355 2267 benedictione,
1368 2207 1663 2272 suscipiatur.
1687 2227 1709 2249 »
1747 2207 1829 2254 llle

413 2299 527 2330 vero
563 2285 758 2332 veniens
802 2302 908 2351 quae
943 2285 1034 2355 sibi
1070 2285 1256 2333 fuerant
1286 2285 1517 2349 imperata
1557 2283 1735 2347 flagitat
1770 2300 1827 2332 ac

413 2362 620 2427 suscipit.
647 2366 723 2425 Et,
750 2380 861 2412 cum
878 2373 1095 2429 suscepta
1117 2363 1237 2411 ferre
1259 2362 1420 2423 vellet,
1447 2371 1581 2409 tanto
1607 2371 1827 2425 gravatur

411 2439 625 2502 pondere
658 2451 712 2488 ut
749 2441 826 2488 vix
857 2442 1092 2489 cervicem
1127 2449 1286 2506 posset
1315 2439 1511 2502 erigere.
1559 2438 1698 2487 Unde
1736 2449 1828 2486 tre-

411 2532 545 2563 more
588 2534 764 2581 magno
806 2535 1062 2567 concussus
1090 2518 1366 2583 pavimento
1400 2517 1740 2582 prosternitur,
1777 2527 1823 2564 et

462 2668 517 2715 (1)
541 2669 598 2704 De
626 2680 740 2706 cruce
768 2667 809 2706 in
832 2680 981 2706 summo
1007 2666 1134 2704 altaris
1163 2666 1286 2718 posita
1313 2665 1462 2704 disserit
1484 2664 1680 2703 Mabillon.
1714 2663 1782 2703 lib.
1802 2667 1821 2703 1

408 2727 587 2780 Liturgiae
606 2729 740 2768 Gallie.
764 2742 850 2781 cap.
870 2743 960 2777 vm,
982 2733 1089 2767 num'.
1113 2730 1152 2775 8,
1174 2737 1211 2766 et
1230 2741 1315 2780 cap.
1337 2741 1393 2765 xx.

462 2792 518 2838 (2)
545 2792 676 2830 Germ.
693 2821 704 2839 ,
731 2793 841 2831 Gem.
874 2800 912 2829 et
943 2789 1051 2829 Colb.
1078 2802 1099 2828 c
1115 2819 1126 2837 ,
1161 2792 1265 2828 misit
1289 2791 1527 2840 supradictus
1555 2790 1718 2827 AredIus
1743 2791 1818 2825 cle-

407 2857 540 2891 ricum.
561 2856 573 2901 (
584 2855 649 2901 R.)
