2002 3418
357 369 405 405 30
752 371 819 406 DE
848 369 1028 407 GLomA
1064 370 1355 408 MARTYRUM.

354 459 500 522 aliqui
522 458 806 506 devotorum
823 459 923 523 jam
944 476 1034 507 nos
1049 458 1110 506 ad
1126 456 1434 505 celebrandas
1452 457 1631 520 vigilias
1652 475 1767 523 prae-

353 536 621 598 cessissent,
643 536 818 583 accedo
841 536 902 583 ad
923 537 1097 583 ostium
1125 553 1134 580 :
1159 535 1321 599 pu150,
1356 550 1445 581 nec
1477 550 1767 598 quemquam

352 616 563 677 invenio,
589 626 922 680 repertumque
949 616 1123 661 ostium
1144 614 1275 660 clave
1299 612 1538 659 munitum
1554 650 1567 673 ,
1592 622 1769 662 cuncta

352 693 538 739 silentio
561 693 697 753 data,
721 692 1048 757 deprehendo.
1073 691 1201 749 Quid
1220 691 1388 755 plura?
1412 689 1771 737 transmittimus

352 770 415 818 ad
435 771 706 832 custodem,
732 771 809 817 cui
833 780 946 816 tunc
965 779 1065 817 erat
1083 767 1337 816 obserandi
1362 784 1494 829 cura,
1515 777 1569 814 ut
1596 768 1772 814 scilicet

353 845 526 896 ostium
548 845 679 892 clave
698 843 908 891 exhibita
925 852 1169 890 reseraret.
1195 845 1321 889 Dum
1342 851 1502 889 autem
1519 842 1596 888 ille
1613 841 1766 902 venit,

352 939 441 970 nos
463 921 768 970 accendimus
784 920 927 968 aforis
945 937 1152 967 cereum.
1177 922 1361 968 Interea
1375 919 1585 984 aperitur
1600 927 1771 983 sponte

350 1010 398 1047 et
419 1001 594 1047 ostium
614 1016 625 1045 z
648 999 960 1062 ingressisque
982 997 1140 1059 nobis,
1166 997 1312 1045 credo
1335 1013 1363 1044 a
1385 997 1586 1061 caligine
1607 1012 1772 1062 pecca-

350 1085 513 1123 torum
542 1092 763 1123 meorum
777 1110 788 1131 ,
818 1075 1005 1122 claritas
1037 1090 1183 1138 quam
1219 1073 1576 1121 admirabamur
1606 1073 1766 1135 aforis,

350 1163 609 1218 apparente
628 1169 766 1199 cereo
790 1161 954 1199 nostro
969 1189 982 1213 ,
1010 1151 1242 1211 discessit;
1271 1151 1391 1199 nihil
1413 1161 1573 1198 tamen
1603 1160 1772 1216 praeter

349 1231 571 1277 virtutem
594 1230 807 1294 gloriosae
829 1228 1187 1292 Virginis‘aliud
1214 1229 1403 1294 penitus
1429 1227 1591 1276 videre
1613 1228 1770 1294 potui-

350 1325 458 1355 mus
471 1346 483 1370 ,
512 1308 642 1356 unde
666 1308 853 1356 claritas
873 1307 954 1356 illa
975 1306 1136 1356 fuisset
1155 1316 1335 1355 exorta.

947 1477 1104 1512 CAPUT
1127 1477 1175 1514 X.

558 1591 611 1624 De
629 1601 740 1637 puero
755 1588 880 1624 Judaeo
894 1587 998 1623 valde
1016 1587 1285 1623 memorandum
1299 1587 1509 1622 miraculum
1526 1588 1551 1621 ⁸.

415 1706 543 1765 Quid
574 1707 714 1769 igitur
741 1707 791 1752 in
823 1706 1018 1753 Oriente
1053 1715 1213 1752 actum
1243 1705 1406 1767 fuerit,
1444 1704 1508 1753 ad
1536 1703 1769 1752 corrobo-

349 1784 550 1832 randam
575 1784 720 1831 fidem
744 1783 1029 1830 catholicam
1051 1799 1152 1830 non
1173 1782 1339 1831 silebo,

414 1862 562 1908 Judaei
584 1860 832 1923 cujusdam
846 1860 1026 1908 vitrarii
1046 1860 1186 1921 filius,
1208 1877 1319 1908 cum
1338 1859 1466 1925 apud
1489 1859 1771 1907 christianos

349 1955 523 2003 pueros
556 1938 618 1985 ad
649 1937 804 1984 studia
827 1937 1090 1985 litterarum
1121 1947 1431 1998 exerceretur,
1456 1935 1665 2001 quadam
1692 1935 1770 1984 die

350 2015 468 2063 dum
491 2017 742 2063 missarum
765 2014 881 2061 festa
905 2015 955 2061 in
975 2014 1173 2062 basilica
1195 2014 1347 2062 beatae
1375 2015 1533 2061 Mariae
1566 2013 1771 2062 celebra-

349 2103 528 2154 rentur,
568 2093 630 2139 ad
665 2092 1080 2158 participationem
1113 2092 1303 2155 gloriosi
1334 2091 1559 2156 corporis
1578 2100 1626 2138 et
1659 2107 1769 2138 san-
1802 2118 1803 2121 =

350 2172 504 2234 guinis
545 2170 787 2217 Dominici
826 2186 936 2217 cum
967 2170 1069 2217 aliis
1102 2169 1364 2218 infantibus
1391 2168 1547 2216 infans
1580 2168 1769 2216 Judaeus

349 2249 560 2295 accessit.
588 2251 697 2305 Quo
721 2257 885 2295 sancto
921 2257 1164 2312 assumpto
1179 2284 1192 2309 ,
1229 2246 1439 2309 gaudens
1471 2245 1533 2293 ad
1567 2245 1769 2292 domum

349 2326 494 2389 patris
527 2326 774 2372 revertitur
794 2341 806 2372 ι
831 2325 1008 2388 illoque
1032 2326 1285 2389 operante²
1308 2324 1430 2370 inter
1454 2322 1699 2387 amplexus
1722 2330 1769 2368 et

350 2404 528 2465 oscula,
551 2420 656 2467 quae
671 2412 918 2467 acceperat
930 2419 1040 2449 cum
1061 2402 1235 2465 gaudio
1249 2401 1404 2448 refert.
1426 2402 1484 2447 At
1494 2400 1571 2447 ille
1581 2399 1767 2448 Christo

350 2480 559 2526 Domino
573 2497 628 2527 ac
647 2480 742 2527 suis
753 2478 936 2542 legibus
947 2479 1166 2525 inimicus
1185 2478 1274 2525 ajt:
1301 2497 1323 2523 κ
1342 2478 1391 2524 Si
1404 2494 1515 2524 cum
1526 2477 1601 2523 his
1616 2476 1767 2524 infan-

333 2557 477 2605 -tibus
498 2557 882 2618 communicasti,
908 2555 1084 2603 oblitus
1101 2566 1308 2621 paternae
1329 2555 1530 2621 pietatis,
1553 2555 1615 2602 ad
1632 2554 1767 2603 ulcis·

402 2813 459 2862 (1)
474 2814 534 2849 De
545 2813 704 2861 puerulo
726 2812 765 2847 in
785 2812 869 2861 igne
879 2816 1048 2859 JactatO,
1070 2812 1189 2848 2205.

404 2875 457 2923 (2)
481 2875 728 2924 Pmperante‚
749 2871 858 2911 Colb.
879 2885 916 2911 a.
937 2875 1017 2921 (R.)
