2002 3418
374 319 450 355 136
772 319 838 355 DE
866 319 1053 356 GLORIA
1079 320 1376 357 MARTYRUM.

328 447 330 450 ,
372 417 476 455 est:
503 408 587 471 qui
619 423 769 471 usque
803 406 925 469 adeo
960 408 1245 455 confluxisse
1282 407 1445 469 fertur,
1481 408 1790 472 quoadusque

373 485 677 546 linteamina,
722 486 804 549 qui
843 485 1164 550 susciperent,
1206 494 1317 531 sunt
1351 494 1550 550 reperta.
1593 487 1662 532 Ex
1696 486 1792 534 hoc

374 559 504 606 enim
534 575 702 605 eorum
733 559 940 622 reliquiae
975 559 1154 606 affatim
1183 559 1390 605 collectae
1417 575 1503 623 per
1523 559 1793 607 universam

375 636 557 684 ltaliam
588 637 663 683 vel
694 637 869 684 Gallias
901 647 1011 684 sunt
1039 637 1220 684 delatae.
1258 639 1322 684 Ex
1346 637 1520 701 quibus
1541 647 1587 684 et
1606 647 1795 685 sanctus

374 715 603 762 Martinus
617 715 767 762 multa
779 716 1001 780 suscepit,
1023 716 1143 763 sicut
1164 716 1346 763 Paulini
1360 715 1618 763 beatissimi
1636 725 1796 763 narrat

372 794 612 860 epistola¹.

440 874 511 918 De
534 871 684 919 sancti
706 887 821 918 vero
844 873 1027 919 Nazarii
1051 889 1107 920 ac
1129 873 1250 920 Celsi
1274 873 1410 938 pueri
1432 871 1650 933 artubus,
1676 889 1798 936 quos

375 949 505 1014 apud
528 948 921 995 Ebredunensem
933 952 963 1009 ²,
985 951 1248 997 Galliarum
1266 950 1456 1010 urbem,
1473 966 1636 1015 passos
1657 950 1798 997 lectio

376 1027 648 1074 certaminis
671 1028 873 1087 narrat³,
901 1027 1004 1090 ipsa
1033 1044 1238 1092 corpora
1264 1037 1310 1074 et
1339 1029 1404 1075 ita
1437 1029 1578 1088 clam,
1604 1037 1801 1092 propter

376 1119 674 1169 paganorum
690 1104 1040 1150 insecutionem
1053 1141 1067 1166 ,
1086 1105 1270 1169 sepulta
1287 1115 1419 1166 sunt,
1446 1115 1498 1151 ut
1516 1106 1566 1151 in
1585 1113 1802 1170 tempora

374 1191 594 1229 secutura
625 1180 860 1228 oblivioni
892 1180 1136 1228 darentur.
1178 1181 1366 1228 Referre
1401 1191 1501 1228 erat
1534 1181 1699 1229 solitus
1732 1182 1803 1228 vir

376 1260 477 1321 ille,
517 1260 600 1324 qui
637 1258 698 1306 de
736 1258 1023 1324 supradictis
1062 1259 1236 1307 sanctis
1271 1275 1376 1323 quae
1415 1258 1596 1324 proesati
1630 1259 1804 1319 fuimus

375 1337 635 1399 enarravit,
664 1346 827 1384 natam
852 1337 990 1385 fuisse
1016 1354 1158 1403 super
1180 1337 1283 1384 haec
1308 1337 1525 1402 sepulcra
1546 1336 1706 1402 pirum
1727 1353 1804 1384 ar-

376 1414 548 1462 borem
583 1425 630 1462 et
662 1415 824 1462 fecisse
862 1415 1120 1479 quemdam
1162 1431 1422 1480 pauperem
1461 1414 1709 1461 hortulum
1754 1415 1803 1461 in

378 1493 614 1554 hocloco,
631 1493 715 1557 qui
732 1493 860 1539 hanc
882 1492 1107 1540 arborem
1126 1491 1460 1540 concludebat.
1478 1494 1672 1553 Verum,
1693 1508 1804 1539 cum

352 1627 355 1637 ‚
380 1587 526 1636 poma
543 1571 678 1634 juxta
695 1587 883 1617 morem
906 1580 1121 1635 tempore
1147 1570 1312 1618 debito
1334 1570 1501 1630 ferret,
1530 1570 1806 1633 quicunque

379 1649 551 1697 exinde
567 1649 802 1710 infirmus,
826 1648 1040 1713 qualibet
1057 1648 1331 1712 aegritudine
1349 1648 1586 1708 detentus,
1605 1663 1807 1712 pomum

381 1727 625 1775 mordicus
644 1726 969 1791 decerpsisset,
989 1743 1120 1783 mox,
1143 1726 1302 1774 ablata
1320 1724 1610 1780 infirmitate,
1630 1739 1804 1771 conva-

380 1805 611 1866 lescebat3
635 1803 765 1851 unde
782 1819 1011 1867 magnum
1029 1813 1261 1868 quaestum
1281 1819 1464 1868 pauper
1478 1802 1556 1849 ille
1574 1800 1800 1848 habebat.

381 1883 475 1931 Sed
503 1900 615 1930 cum
640 1899 690 1929 se
711 1883 973 1930 revelantes
990 1892 1223 1946 martyres
1239 1881 1463 1928 arborem
1481 1879 1630 1928 incidi
1644 1879 1806 1943 jussis-

382 1972 504 2023 sent,
532 1977 715 2027 pauper
733 1961 811 2009 ille
834 1962 885 2008 in
904 1961 1090 2024 magnis
1105 1960 1295 2008 fletibus
1313 1975 1632 2025 prorumpens
1658 1957 1806 2005 incidi

382 2040 606 2088 arborem
627 2056 728 2086 non
750 2039 953 2087 sinebat.
980 2042 1090 2097 Quo
1110 2049 1314 2100 remoto,
1335 2039 1516 2086 succisa
1536 2038 1660 2103 piro,
1682 2035 1807 2084 basi-

381 2117 474 2165 lica
492 2117 616 2164 miro
634 2133 778 2182 opere
797 2116 1029 2164 aedificata
1043 2126 1130 2176 est,
1150 2117 1201 2163 in
1218 2116 1352 2180 cujus
1369 2115 1514 2162 etiam
1527 2115 1663 2162 altari
1678 2113 1806 2161 beati

385 2194 573 2241 Genesii
588 2231 600 2255 ,
635 2194 914 2241 Arelatensis
954 2193 1173 2257 martyris
1183 2194 1214 2254 ⁴,
1258 2193 1466 2256 reliquiae
1497 2200 1800 2238 venerantur.

384 2275 626 2335 Tantaque
651 2287 833 2336 pauper
857 2271 933 2318 ille
964 2270 1059 2318 fide
1083 2270 1301 2336 praelatus
1322 2279 1392 2316 est
1412 2279 1466 2316 ut
1489 2267 1806 2317 sacerdotium

387 2351 435 2396 in
461 2349 549 2397 hac
575 2349 773 2397 ecclesia
796 2348 1021 2413 deinceps
1042 2356 1409 2413 promereretur.

441 2546 493 2598 (1)
511 2549 569 2584 De
586 2545 659 2584 hac
678 2545 837 2598 epistola
852 2545 942 2583 vide
963 2545 1061 2583 Hist.
1087 2544 1156 2584 lib.
1176 2547 1215 2582 X
1233 2557 1319 2596 cap.
1338 2558 1451 2593 xxxx,
1471 2558 1512 2583 n.
1535 2548 1573 2583 5.

441 2612 496 2659 (⁰2)
514 2609 805 2648 Ebreduninsim
819 2637 831 2658 ‚
851 2609 957 2647 2204
977 2616 1015 2646 et
1033 2621 1118 2660 sup.
1145 2610 1236 2646 1178.

442 2672 496 2725 (3)
515 2675 626 2711 An...
646 2675 697 2711 12
715 2675 807 2712 Jun.
827 2674 909 2722 (R.)

441 2737 497 2784 (4)
514 2738 560 2773 V.
582 2735 705 2783 infra,
725 2749 812 2788 cap.
836 2737 901 2774 68.
919 2737 1000 2785 (R.)
