2002 3418
390 391 440 427 66
793 389 860 425 DE
886 388 1072 426 GLORIA
1100 388 1397 429 MARTYRUM.

387 475 634 538 omnibus,
658 475 865 541 lymphis
887 476 937 524 in
967 493 1017 524 se
1035 476 1231 526 reversis
1248 513 1261 537 ‚
1294 485 1347 523 ut
1374 476 1510 524 initio
1535 479 1806 542 produntur

386 553 546 601 nescio
565 590 579 616 ‚
603 553 669 601 ita
687 563 735 602 et
755 552 851 601 fine
869 553 1156 602 clauduntur
1177 553 1361 617 ignaro.

946 702 1103 737 CAPUT
1126 703 1244 740 XXV.

644 794 695 828 De
712 793 883 828 haereticis
898 793 959 841 qui
976 806 1052 828 non
1070 793 1309 829 adhibuerunt
1328 794 1395 829 illis
1410 793 1518 829 fidem
1532 795 1559 830 '.

447 880 655 938 Quidam
676 898 792 929 vero
813 898 872 928 ex
891 881 1122 929 haereticis
1148 886 1304 930 Deum
1326 899 1426 930 non
1451 891 1692 943 metuens,
1722 898 1806 929 ne·

382 974 476 1021 que
503 960 859 1006 venerationem
882 970 1108 1025 praestans
1137 961 1251 1008 huic
1283 961 1394 1008 loco
1417 970 1583 1009 sancto
1600 998 1613 1023 ‚
1650 976 1807 1024 neque

379 1035 578 1083 credens
611 1037 757 1084 corde
788 1039 1073 1086 miraculum
1092 1077 1105 1100 ,
1143 1040 1276 1104 quod
1304 1041 1354 1086 in
1386 1057 1446 1087 eo
1478 1040 1715 1087 Dominus
1744 1039 1806 1087 ad

378 1113 788 1162 corroborandam
810 1133 1008 1163 suorum
1030 1116 1177 1164 fidem
1203 1127 1424 1182 praestare
1450 1119 1670 1182 dignatus
1700 1127 1770 1165 est
1789 1156 1801 1180 ‚

377 1206 477 1237 non
500 1191 669 1238 silebo.
696 1193 838 1239 Venit
857 1210 968 1240 cum
987 1193 1130 1240 turba
1151 1211 1411 1258 equorum,
1429 1196 1593 1242 solutis
1613 1212 1807 1260 quoque

375 1268 729 1334 impedimentis
746 1270 883 1334 jussit
912 1271 962 1317 in
992 1270 1240 1318 basilicam
1266 1272 1411 1336 poni,
1445 1271 1810 1335 equitibusque*

375 1346 426 1393 in
451 1363 507 1395 ea
531 1348 758 1415 praesepia
778 1349 1035 1414 praeparari
1051 1385 1064 1409 ‚
1099 1348 1302 1396 irridens
1330 1349 1472 1396 miser
1496 1366 1601 1414 quae
1623 1348 1684 1395 de
1712 1348 1808 1396 hoc

374 1424 485 1472 loco
510 1425 828 1474 narrabantur
855 1426 916 1474 ab
946 1426 1131 1473 incolis.
1167 1427 1312 1490 Igitur
1336 1427 1496 1476 media
1522 1437 1664 1475 nocte
1685 1443 1806 1492 prae-

375 1511 590 1552 tereunte
606 1541 619 1565 ‚
641 1520 671 1551 a
690 1503 820 1551 febre
840 1503 1095 1569 corripitur
1110 1541 1124 1565 ,
1149 1519 1205 1551 ac
1229 1521 1353 1569 pene
1376 1505 1623 1567 exanimis,
1650 1514 1698 1552 et
1715 1513 1809 1552 tar-

375 1578 483 1629 dius
511 1597 658 1644 quam
694 1581 927 1631 debuerat
963 1581 1227 1646 poenitenS‚
1265 1582 1498 1630 exclamat
1528 1582 1710 1646 equites
1743 1581 1805 1629 ab

376 1656 476 1705 aede
506 1658 702 1722 expelli;
737 1668 838 1707 erat
870 1659 1000 1707 enim
1027 1659 1100 1721 ei,
1126 1657 1216 1706 sub
1241 1675 1350 1722 rege
1375 1659 1486 1707 licet
1501 1694 1516 1717 ,
1543 1675 1719 1722 magna
1738 1669 1808 1707 ta·

376 1750 487 1781 men
529 1735 581 1782 in
618 1735 700 1783 illa
732 1736 926 1799 regione
963 1745 1186 1801 potestas.
1226 1736 1517 1801 Expulsique
1549 1752 1580 1784 a
1611 1735 1807 1784 basilica

376 1821 539 1859 sancta
556 1812 796 1876 equitibus
812 1850 825 1875 ‚
850 1813 913 1860 ad
935 1830 983 1860 se
1005 1830 1264 1861 conversus
1289 1813 1433 1878 coepit
1450 1812 1677 1860 dentibus
1695 1829 1807 1877 pro-

376 1888 536 1952 prium
564 1889 772 1937 lacerare
796 1891 1162 1955 corpusculum,
1200 1907 1290 1938 nec
1323 1906 1517 1955 prorsus
1550 1889 1741 1937 retineri
1776 1905 1805 1936 a

377 1967 473 2014 suis
496 1967 561 2014 ob
584 1969 783 2017 nimiam
810 1978 998 2034 poterat
1020 1967 1466 2016 debacchationem.
1494 1968 1803 2031 Tandemque

378 2061 655 2111 oppressus,
680 2048 804 2094 inter
826 2063 1025 2094 suorum
1046 2063 1218 2094 manus
1242 2046 1462 2111 spiritum
1482 2045 1733 2093 exhalavit.

441 2125 660 2190 Denique
699 2123 1080 2188 Theodegisilus³
1108 2124 1251 2188 hujus
1293 2141 1375 2171 rex
1413 2123 1646 2186 regionis,
1693 2139 1803 2170 cum

377 2201 567 2250 vidisset
587 2203 684 2250 hoc
709 2202 996 2250 miraculum
1020 2202 1154 2267 quod
1177 2203 1226 2249 in
1248 2201 1323 2248 his
1348 2201 1540 2249 sacratis
1561 2202 1665 2247 Deo
1695 2199 1802 2246 fon·

332 2331 340 2339 ⁸
376 2279 504 2328 tibus
537 2281 788 2344 gerebatur
803 2320 816 2344 ‚
851 2282 1074 2345 cogitavit
1111 2281 1235 2327 intra
1272 2296 1321 2327 se
1362 2279 1552 2339 dicens,
1587 2277 1699 2342 quia
1734 2277 1805 2324 in-

377 2360 569 2421 genium
613 2370 682 2407 est
724 2362 1055 2406 Romanorum
1103 2359 1375 2421 (Romanos
1418 2356 1549 2403 enim
1590 2355 1806 2403 vocitant

375 2436 595 2487 homines
625 2448 797 2487 nostrae
828 2436 1099 2500 religionis)
1130 2445 1185 2482 ut
1202 2436 1269 2483 ita
1285 2434 1471 2483 accidat
1485 2471 1498 2496 ,
1524 2443 1572 2481 et
1602 2447 1704 2480 non
1733 2443 1804 2481 est

374 2515 463 2562 Dei
475 2516 639 2564 virtus.
665 2515 871 2564 Veniens
885 2530 1000 2562 vero
1017 2512 1080 2561 ad
1098 2529 1282 2560 annum
1300 2520 1578 2575 sequentem
1592 2547 1607 2572 ,
1627 2509 1802 2558 ostium

373 2592 533 2656 sigillis
571 2594 668 2642 suis
700 2610 815 2641 cum
850 2592 1062 2658 episcopi
1099 2591 1251 2654 sigillo
1285 2589 1512 2652 munivit,
1548 2587 1802 2653 posuitque

427 2780 482 2827 (1)
501 2781 560 2816 De
578 2779 636 2816 his
654 2780 722 2830 qui
738 2791 811 2816 non
830 2778 1015 2814 dederunt
1032 2777 1208 2834 lzofeorem
1228 2778 1299 2813 loci
1319 2778 1439 2823 illius,
1462 2775 1583 2814 2205.

426 2843 481 2890 (2)
501 2841 547 2880 Id
566 2850 638 2890 est,
660 2841 783 2893 equis.
806 2843 886 2890 (R.)

427 2904 482 2951 (3)
505 2905 761 2955 Teodegisilis,
780 2902 868 2941 cod.
889 2902 986 2941 Bell.
1014 2903 1094 2953 (R.)
1107 2924 1161 2931 -—
1173 2903 1470 2952 Theodegleus,
1489 2911 1576 2950 sup.
1603 2898 1698 2935 478.
