2002 3418
408 350 457 385 90
787 351 852 386 DE
881 349 1067 387 GLORIA
1096 350 1394 389 MARTYRUM.

929 501 1085 535 CAPUT
1114 500 1291 535 XXXIII.

842 602 893 636 De
907 602 1167 637 Bartholomaeo
1182 602 1343 649 apostolo
1352 602 1382 636 ³.

466 704 864 754 Bartholomaeum
879 709 894 731 ²
927 707 1197 773 apostolum
1226 706 1355 771 apud
1390 705 1601 754 Indiam‘
1624 723 1814 773 passum

400 784 565 847 agonis
608 784 754 849 ipsius
787 795 947 832 narrat
981 785 1178 832 historia
1193 786 1222 830 ⁴.
1269 787 1381 832 Post
1411 784 1671 832 multorum
1701 802 1815 834 vero

400 878 639 909 annorum
666 863 816 927 spatia
841 862 900 909 de
933 863 1151 928 passione
1184 861 1307 924 ejus,
1345 878 1456 908 cum
1479 863 1650 909 iterum
1683 863 1816 910 Chri-

398 941 560 988 stianis
587 941 853 1006 persecutio
876 941 1163 1002 advenisset,
1184 950 1231 987 et
1258 941 1472 988 viderent
1492 942 1686 1004 gentiles
1712 959 1816 990 om-

397 1035 509 1066 nem
541 1017 777 1083 populum
807 1019 871 1065 ad
903 1018 1002 1082 ejus
1038 1018 1308 1083 sepulcrum
1348 1035 1633 1066 concurrere
1676 1020 1815 1084 eique

398 1092 755 1158 deprecationes
767 1092 953 1140 assidue
969 1102 1016 1140 et
1027 1093 1222 1140 incensa
1234 1092 1432 1154 deferre,
1445 1093 1623 1142 invidia
1635 1094 1811 1157 inlecti,

397 1166 693 1218 abstulerunt
714 1186 888 1235 corpus
907 1170 1032 1234 ejus,
1063 1180 1111 1217 et
1137 1180 1370 1235 ponentes
1396 1171 1447 1217 in
1468 1171 1814 1236 sarcophagum

396 1246 679 1312 plumbeum
707 1247 1012 1312 projecerunt
1033 1247 1151 1294 illud
1174 1247 1226 1294 in
1254 1263 1402 1309 mare,
1434 1247 1642 1296 dicentes
1661 1250 1776 1313 quia
1798 1268 1809 1296 :

401 1345 423 1368 t(
441 1327 548 1372 Non
561 1325 757 1372 seduces
766 1325 970 1390 amplius
979 1325 1213 1390 populum
1230 1334 1463 1372 nostrum.
1481 1323 1504 1368 Ξ)
1523 1323 1634 1386 Sed,
1656 1326 1815 1390 provi-

397 1403 557 1451 dentia
577 1404 663 1450 Dei
680 1413 971 1468 cooperante
985 1420 1071 1468 per
1087 1412 1320 1450 secretum
1340 1403 1497 1468 operis
1513 1401 1613 1466 ejus
1624 1440 1637 1464 ‚
1656 1419 1813 1451 sarco-

396 1479 608 1544 phagum
631 1479 913 1545 plumbeum
938 1496 967 1526 a
995 1479 1104 1526 loco
1131 1479 1231 1540 illo,
1260 1479 1394 1544 aquis
1420 1478 1810 1542 subvehentibus,

396 1557 713 1619 sublevatum,
730 1557 941 1605 delatum
951 1567 1021 1605 est
1034 1557 1095 1605 ad
1111 1558 1331 1620 insulam,
1345 1557 1581 1605 vocabulo
1599 1559 1808 1623 Liparis‘.

398 1637 764 1701 Revelatumque
783 1646 851 1683 est
867 1636 1160 1697 Christianis,
1186 1646 1240 1683 ut
1259 1653 1370 1683 eum
1387 1635 1663 1699 colligerent
1682 1654 1692 1682 :
1716 1637 1813 1684 col-

395 1713 664 1778 lectumque
687 1730 743 1761 ac
762 1714 1017 1779 sepultum,
1042 1713 1393 1762 aedificaverunt
1412 1731 1554 1779 super
1569 1731 1680 1762 eum
1693 1724 1813 1762 tem-

395 1791 530 1856 plum
563 1808 806 1856 magnum.
855 1794 908 1839 In
955 1809 1053 1856 quo
1096 1809 1225 1839 nunc
1264 1793 1512 1840 invocatus
1528 1830 1541 1854 ‚
1589 1792 1813 1857 prodesse

394 1869 583 1934 populis
601 1870 760 1918 multis
778 1870 1031 1917 virtutibus
1049 1886 1105 1918 ac
1120 1869 1363 1918 beneficiis
1382 1869 1663 1918 manifestat.

447 2107 502 2154 (1)
528 2107 575 2143 In
593 2119 666 2145 ms.
689 2106 803 2145 codd.
825 2107 952 2154 2204,
974 2108 1079 2145 2205
1098 2115 1136 2145 et
1153 2107 1194 2146 in
1213 2108 1323 2147 editis
1339 2117 1456 2161 caput
1473 2110 1524 2149 33
1544 2118 1601 2149 est
1617 2110 1666 2149 de
1681 2119 1812 2150 sancto

393 2169 602 2221 Stephano,
622 2178 661 2208 et
678 2183 842 2222 sequens
861 2170 909 2209 de
927 2179 1059 2209 sancto
1077 2171 1370 2211 Bartholomaeo.

445 2234 499 2282 (2)
527 2232 847 2272 Bartholomaeum
853 2234 957 2286 apud
968 2234 1085 2272 Indos
1096 2234 1211 2273 fidem
1220 2235 1465 2274 annuntiasse
1477 2243 1652 2274 constare
1659 2234 1811 2274 videtur

392 2293 557 2333 Eusebio
573 2325 584 2343 ‚
617 2294 684 2334 lib.
707 2298 755 2344 V,
776 2309 863 2348 cap.
885 2309 925 2343 x,
946 2296 1107 2344 Rufino,
1128 2295 1278 2345 lib.111,
1311 2310 1397 2350 cap.
1418 2311 1449 2345 1,
1470 2297 1722 2349 HieronymO,
1742 2311 1811 2337 seu

393 2356 628 2409 Sophronio,
654 2358 703 2397 de
720 2358 818 2397 Viris
836 2358 1013 2398 illustrib.
1029 2388 1041 2406 ,
1061 2361 1216 2398 Socrate
1228 2388 1239 2406 ‚
1265 2368 1339 2398 etc.
1361 2359 1435 2399 Sed
1451 2373 1531 2398 non
1549 2359 1646 2399 adeo
1662 2368 1809 2400 certum

393 2427 450 2457 est
466 2433 582 2471 quam
600 2421 795 2474 regionem
813 2421 869 2459 illi
887 2430 1061 2460 auctores
1074 2421 1194 2460 Indiae
1211 2422 1367 2461 nomine
1385 2423 1584 2475 designare
1602 2412 1806 2462 voluerint.

391 2483 486 2521 Vide
504 2484 720 2533 Tillemont‚
742 2477 847 2523 tomo
864 2488 905 2534 Ι,
925 2485 1025 2524 Hist.
1047 2485 1184 2524 eccles.
1207 2488 1287 2534 (R.)

443 2548 498 2596 (3)
528 2549 647 2595 2204,
669 2549 790 2596 2205,
813 2550 911 2587 2791
939 2557 977 2587 et
994 2547 1077 2596 ed„
1099 2550 1208 2599 apud
1223 2551 1370 2587 Asiam.

445 2611 500 2658 (4)
529 2611 675 2649 Saeculo
693 2611 818 2664 primo
831 2640 842 2659 ‚
863 2613 915 2649 24
936 2611 1085 2664 augusti
1104 2611 1179 2650 die.
1203 2614 1283 2660 (R.)

445 2674 501 2721 (5)
530 2675 650 2723 2204,
670 2675 792 2720 2205,
813 2681 885 2712 etc.
908 2677 1071 2724 Lyparis
1092 2682 1158 2712 aut
1177 2677 1382 2724 Lypparis.
