2002 3418
338 307 415 344 218
740 306 807 342 DE
833 305 1020 343 GLORIA
1046 304 1345 342 MARTYRUM.

337 393 510 458 putatis
525 430 536 449 ‚
572 392 688 457 quid
717 393 791 440 isti
825 409 954 440 nunc
988 393 1189 440 Romani
1220 393 1414 441 dicant?
1449 395 1586 444 Aiunt
1619 397 1747 445 enim

276 479 279 482 '
338 486 415 517 me
437 469 502 517 ob
527 469 624 517 hoc
651 469 789 517 fuisse
813 469 941 517 febre
964 480 1207 534 gravatum
1231 471 1343 535 quia
1371 471 1560 519 tulerim
1584 489 1749 537 agrum

337 563 527 606 eorum,
553 547 685 611 quod
715 547 832 595 mihi
851 547 982 611 juxta
1004 548 1398 595 consuetudinem
1425 549 1623 598 humani
1650 567 1751 598 cor-

337 625 465 691 poris
503 624 694 684 accidit3
736 635 1061 672 verumtamen
1103 642 1202 672 non
1239 625 1486 673 habebunt
1524 644 1635 674 eum
1673 644 1751 676 me

338 703 540 750 vivente.
560 722 582 745 1>
598 704 655 748 Et
670 701 797 748 dicto
811 703 946 749 citius
967 703 1091 750 misit
1108 703 1189 767 qui
1208 719 1318 750 eum
1338 705 1509 751 iterum
1530 704 1746 752 auferret.

339 782 482 840 Quod
505 798 616 829 cum
646 782 895 846 episcopus
920 784 1224 848 comperisset
1241 819 1253 843 ,
1282 784 1410 831 venit
1438 783 1500 831 ad
1525 800 1653 842 eum,
1678 784 1753 831 di-

339 876 451 921 cens
477 878 488 905 :
520 862 682 906 «Num
699 861 895 924 poenitet
911 871 955 908 te
985 862 1115 926 prius
1146 861 1306 908 fecisse
1331 861 1478 921 bene,
1517 862 1648 926 quod
1659 862 1755 909 hoc

339 937 511 984 iterum
537 937 725 983 conaris
750 937 984 984 evertere?
1011 955 1073 985 ne
1103 938 1262 997 facias,
1290 956 1466 1003 quaeso,
1497 956 1558 986 ne
1583 940 1751 987 ultioni

340 1015 509 1062 divinae
526 1013 783 1077 subjaceas.
801 1034 823 1057 >³
848 1015 940 1072 Qui
962 1016 1027 1062 ait
1045 1015 1107 1062 ad
1124 1016 1403 1080 episcopum
1426 1034 1436 1062 ε
1469 1016 1616 1077 «Sile,
1642 1017 1725 1064 sile
1738 1054 1751 1078 ,

340 1090 593 1156 decrepite,
636 1106 750 1138 nam
791 1091 1080 1139 infrenatum
1116 1103 1163 1139 te
1198 1093 1313 1139 loris
1351 1094 1547 1140 circuire
1588 1093 1757 1141 urbem

340 1165 482 1234 Super
514 1169 702 1215 asinum
732 1167 922 1227 faciam,
956 1179 1009 1216 ut
1031 1171 1092 1217 sis
1114 1171 1164 1216 in
1192 1169 1393 1216 ridiculo
1424 1169 1646 1217 omnibus
1675 1171 1756 1235 qui

340 1256 386 1293 te
405 1247 687 1311 aspexerint.
704 1266 726 1290 n
746 1248 799 1294 At
816 1247 894 1294 ille
921 1248 1062 1295 silens
1083 1248 1146 1296 ad
1164 1257 1280 1295 nota
1297 1248 1495 1294 recurrit
1505 1248 1721 1313 praesidia
1743 1267 1754 1295 z

340 1325 655 1389 prosternitur
682 1325 731 1371 in
755 1326 994 1385 oratione,
1021 1324 1228 1373 celebrat
1250 1325 1431 1388 vigilias
1444 1361 1457 1386 ,
1483 1341 1539 1372 ac
1569 1335 1759 1373 noctem

342 1411 492 1449 totam
528 1404 577 1450 in
612 1402 832 1467 lacrymis
866 1413 913 1450 et
948 1403 1197 1469 psallentio
1229 1403 1376 1450 ducit.
1420 1404 1563 1451 Mane
1601 1413 1760 1450 autem

342 1477 483 1537 fact0,
511 1479 692 1527 accedit
721 1480 792 1528 ad
810 1480 1012 1544 lychnos
1043 1481 1126 1545 qui
1152 1480 1211 1528 de
1234 1496 1422 1528 camera
1447 1480 1652 1527 ecclesiae
1677 1479 1760 1527 de-

342 1560 641 1625 pendebant,
679 1562 1031 1627 extendensque
1070 1563 1254 1625 virgam
1294 1579 1439 1627 quam
1476 1561 1670 1609 tenebat
1709 1563 1759 1608 in

343 1654 514 1697 manu,
542 1639 723 1703 effregit
740 1651 956 1700 cunctos,
983 1640 1149 1687 dicens
1178 1658 1227 1686 z«
1240 1642 1345 1689 Non
1370 1640 1450 1687 hic
1475 1639 1784 1687 accendatur¹

343 1715 524 1779 lumen,
547 1717 702 1765 donec
727 1718 980 1766 ulciscatur
1003 1721 1131 1765 Deus
1153 1717 1212 1765 de
1235 1719 1453 1775 inimicis,
1481 1726 1529 1765 et
1550 1718 1762 1765 restituat

344 1810 419 1841 res
443 1794 615 1842 domus
641 1812 751 1843 suae.
775 1814 798 1840 »
823 1798 932 1843 Haec
962 1812 1020 1843 eo
1048 1795 1251 1854 dicente,
1281 1795 1498 1860 protinus
1515 1794 1762 1842 haereticus

346 1872 425 1920 ille
449 1873 498 1919 in
521 1874 783 1922 redivivam
801 1873 983 1921 febrem
1006 1874 1200 1921 corruit.
1225 1875 1441 1938 Cumque
1468 1873 1517 1919 in
1544 1872 1763 1920 extremis

346 1961 526 2014 ageret,
554 1952 681 1999 misit
706 1951 769 2000 ad
798 1953 1097 2018 episcopum,
1135 1951 1299 1998 dicens
1332 1969 1342 1997 :
1373 1972 1396 1996 ιε
1418 1952 1534 1997 Oret
1561 1966 1651 2015 pro
1684 1965 1762 1996 me

347 2029 566 2076 sacerdos
587 2029 650 2076 ad
669 2030 950 2091 Dominum,
979 2039 1031 2076 ut
1047 2029 1222 2088 vivam,
1245 2038 1292 2075 et
1313 2028 1555 2074 restituam
1575 2043 1760 2090 agrum,

347 2123 404 2154 ac
430 2107 631 2154 similem
653 2108 752 2172 ejus
771 2108 1014 2155 conferam
1033 2106 1364 2154 dominationi.
1387 2123 1411 2150 »
1434 2103 1619 2162 Quibus
1639 2121 1763 2170 pon-

349 2183 459 2231 tifex
479 2184 727 2250 respondit
749 2203 758 2231 :
780 2205 803 2230 «
821 2188 926 2232 Jam
943 2185 1074 2232 oravi
1092 2183 1155 2231 ad
1169 2183 1447 2242 Dominum,
1467 2191 1514 2228 et
1527 2181 1766 2228 exaudivit

348 2279 443 2309 me.
465 2281 488 2307 »
513 2263 637 2310 Misit
668 2273 715 2310 et
737 2263 854 2311 alios
889 2279 945 2310 ac
979 2263 1141 2309 tertios
1181 2261 1244 2308 ad
1277 2277 1388 2308 eum
1419 2260 1630 2306 nuntios.
1662 2257 1765 2329 ⁴Sed

349 2333 570 2388 sacerdos
596 2342 646 2388 in
676 2357 774 2388 uno
809 2356 1038 2406 responso
1071 2340 1324 2405 persistens
1355 2354 1456 2384 non
1483 2335 1766 2384 movebatur

350 2419 412 2466 ad
429 2419 547 2479 haec,
567 2430 620 2467 ut
635 2437 724 2486 pro
746 2437 805 2468 eo
825 2420 1091 2467 orationem
1115 2418 1248 2465 daret
1270 2416 1333 2464 ad
1352 2416 1630 2464 Dominum.
1657 2415 1767 2460 Haec

351 2494 431 2543 ille
458 2497 704 2545 haereticus
731 2513 929 2544 cernens
954 2496 1091 2560 jussit
1113 2511 1162 2542 se
1185 2495 1234 2541 in
1263 2493 1474 2559 plaustro
1503 2491 1762 2557 componi,

352 2584 493 2639 atque
521 2576 583 2623 ad
611 2576 835 2623 eumdem
859 2574 996 2622 evehi
1023 2590 1079 2621 ac
1109 2589 1195 2639 per
1228 2589 1277 2619 se
1316 2571 1560 2637 deprecari
1587 2570 1768 2636 episco-

353 2668 487 2717 pum,
509 2652 672 2700 dicens
692 2671 703 2699 ε
721 2653 879 2710 «Quia
899 2651 1045 2717 dupla
1067 2649 1381 2698 satisfactione
1396 2649 1590 2697 restituo
1602 2663 1766 2711 agrum

356 2746 500 2794 quem
522 2731 684 2795 inique
710 2731 909 2795 pervasi,
938 2727 1123 2777 tantum
1146 2738 1199 2776 ut
1218 2738 1321 2775 oret
1343 2744 1432 2793 pro
1450 2743 1527 2775 me
1548 2725 1768 2774 sanctitas

359 2816 456 2854 tua.
473 2826 496 2852 »
519 2807 606 2854 1110
618 2823 810 2872 quoque
832 2816 1096 2866 recusante,
1110 2805 1341 2870 compulit
1354 2820 1465 2852 eum
1478 2805 1524 2851 vi
1546 2812 1599 2850 ut
1619 2800 1769 2849 abiret
