2002 3418
390 403 465 439 322
690 403 757 438 DE
783 401 1052 440 MIRACULIS
1079 401 1250 439 SANCTI
1277 401 1489 438 JULIANI.

387 487 516 552 poris
554 488 824 536 membrum
863 490 962 536 sine
1001 488 1168 536 dolore
1202 487 1413 552 vigebat,
1454 480 1662 537 exhibita
1695 498 1763 537 est
1778 527 1791 551 ,

388 563 705 614 deferentibus
721 567 1019 632 propinquis,
1058 566 1120 614 ad
1152 565 1343 614 beatam
1371 565 1631 629 basilicam,
1655 577 1709 614 ut
1723 568 1799 616 vel

386 643 555 709 stipem
579 662 608 693 a
628 643 934 709 largientibus
958 653 1231 692 mereretur.
1261 646 1377 702 Quae
1399 642 1517 690 dum
1537 644 1587 691 in
1614 644 1802 710 porticu

385 720 465 768 illa
483 738 588 786 quae
609 732 781 770 sanctae
796 721 999 770 basilicae
1019 723 1321 787 conjungitur
1339 720 1596 787 decubaret
1611 731 1802 769 noctem

385 798 701 861 dominicam,
727 800 843 847 dum
862 800 1169 847 sacrosanctis
1190 800 1358 863 vigiliis
1378 799 1544 865 populi
1574 798 1691 846 fides
1720 798 1801 846 de·

383 887 495 925 vota
526 877 828 926 concelebrat
864 888 910 924 et
946 878 1026 925 illa
1059 878 1304 942 quiescens
1340 877 1514 924 lectulo
1554 876 1800 941 paululum

384 952 700 1002 obdorm1sset
712 991 725 1015 ,
747 970 775 1002 a
788 955 891 1001 viro
912 954 1122 1018 quodam
1140 971 1226 1019 per
1245 955 1400 1002 visum
1421 963 1637 1019 correpta
1660 960 1801 1018 atque

383 1031 611 1095 increpita
629 1040 719 1092 est,
745 1031 932 1089 dicente
954 1030 1043 1077 sibi
1059 1068 1071 1092 ,
1097 1025 1203 1093 cur,
1230 1032 1422 1095 reliquis
1444 1030 1666 1078 excubias
1683 1047 1801 1078 noc·

382 1114 547 1154 turnas
577 1109 678 1155 Deo
710 1106 1067 1169 exhibentibus,
1101 1108 1180 1155 illa
1211 1107 1426 1155 deesset?
1458 1107 1716 1173 Respondit
1752 1124 1801 1154 se

382 1182 444 1230 ab
463 1185 597 1231 omni
621 1185 949 1252 membrorum
965 1195 1097 1250 parte
1116 1184 1340 1247 debilem,
1364 1202 1454 1232 nec
1475 1184 1662 1250 penitus
1683 1197 1803 1248 gres-

383 1277 488 1308 sum
512 1277 650 1325 agere
677 1280 831 1328 posse.
866 1266 998 1310 Tunc
1019 1263 1153 1327 quasi
1182 1272 1438 1310 sustentata
1451 1258 1486 1310 'a
1501 1260 1613 1309 viro
1627 1257 1802 1325 qui'lo-

382 1340 617 1404 quebatur
648 1342 691 1388 ei
716 1351 762 1388 et
786 1341 849 1389 ad
868 1340 1144 1406 sepulcrum
1167 1357 1317 1406 usque
1340 1339 1566 1401 deducta,
1598 1340 1714 1387 dum
1749 1340 1799 1386 in

382 1434 554 1483 sopore
574 1419 730 1465 fundit
754 1420 1020 1466 orationem
1033 1457 1045 1481 ‚
1071 1419 1224 1466 visum
1239 1428 1307 1466 est
1323 1418 1367 1465 ei
1388 1418 1523 1481 quasi
1545 1416 1800 1464 multitudo

382 1504 657 1543 catenarum
670 1495 732 1544 ab
751 1496 852 1560 ejus
867 1496 1094 1543 membris
1110 1495 1213 1543 solo
1234 1495 1451 1543 decidere
1468 1513 1479 1541 ε
1502 1511 1532 1543 a
1548 1511 1646 1559 quo
1658 1495 1800 1542 etiam

382 1573 540 1620 sonitu
567 1573 908 1638 expergefacta,
939 1574 1084 1621 sensit
1113 1574 1331 1620 omnium
1361 1583 1551 1621 artuum
1573 1572 1802 1637 recepisse

381 1650 703 1714 plenissimam
731 1652 996 1702 sanitatem.
1020 1651 1239 1697 Protinus
1262 1650 1461 1696 surrexit
1489 1666 1519 1697 a
1538 1649 1712 1696 lectulo
1733 1658 1798 1709 et,

381 1727 681 1791 stupentibus
699 1729 898 1790 cunctis,
916 1745 1027 1775 cum
1043 1728 1297 1791 gratiarum
1314 1728 1499 1774 actione
1517 1726 1798 1787 vociferans,

381 1814 594 1852 sanctam
615 1815 684 1852 est
709 1805 917 1868 ingressa
944 1804 1206 1853 basilicam.
1243 1807 1419 1851 Ferunt
1441 1805 1583 1852 etiam
1605 1802 1801 1866 quidam

381 1881 569 1928 solitam
587 1881 727 1929 fuisse
753 1898 861 1930 eam
882 1883 1054 1930 referre
1071 1881 1290 1929 habitum
1312 1881 1400 1928 viri
1421 1882 1503 1945 qui
1525 1896 1632 1928 eam
1651 1880 1802 1928 suerat

382 1957 648 2007 allocutus:
671 1958 862 2007 dicebat
892 1957 1003 2007 eum
1036 1969 1213 2006 statura
1245 1975 1344 2006 esse
1366 1955 1646 2024 procerum,
1673 1957 1801 2007 veste

381 2035 616 2098 nitidum,
662 2038 892 2101 elegantia
935 2029 1190 2098 eximium,
1233 2031 1368 2084 vultu
1403 2029 1636 2099 hilarem,
1680 2036 1802 2085 flava

382 2110 566 2157 caesarie
592 2111 816 2158 immixtis
837 2112 995 2170 canis,
1020 2110 1206 2157 incessu
1230 2098 1529 2175 expeditum,
1543 2126 1660 2157 voce
1681 2110 1800 2157 libe-

381 2204 518 2248 rum,
557 2188 844 2236 allocutione
877 2187 1263 2245 blahdissim'um‚
1298 2187 1649 2250 candoremque
1681 2187 1800 2233 cutis

381 2265 505 2312 illius
528 2266 652 2314 ultra
680 2267 764 2314 lilii
791 2267 995 2314 nitorem
1027 2266 1225 2330 fulgere;
1251 2266 1317 2312 ita
1347 2275 1400 2311 ut
1428 2264 1495 2310 de*
1511 2263 1670 2311 multis
1691 2265 1799 2311 mil-

380 2340 505 2388 libus
547 2343 803 2390 hominum
843 2360 948 2407 quae
987 2360 1109 2408 saepe
1150 2343 1342 2390 vidisset
1376 2340 1561 2394 nullum
1597 2340 1796 2388 similem

382 2420 714 2485 conspicasset.
746 2421 881 2469 Unde
904 2422 1062 2468 multis
1086 2437 1184 2467 non
1204 2418 1408 2467 absurde
1426 2417 1613 2466 videtur
1631 2418 1674 2465 ei
1688 2417 1798 2466 bea·

382 2505 484 2542 tum
511 2507 767 2562 martyrem
791 2499 1078 2565 apparuisse.
1100 2499 1216 2555 Quae
1239 2496 1412 2542 mulier-
1428 2505 1537 2561 post
1562 2495 1727 2542 decem
1747 2505 1795 2542 et

383 2583 492 2620 octo
513 2591 665 2623 annos
683 2587 844 2624 sanata
862 2585 946 2623 est.
