2002 3418
393 358 468 396 390
693 358 759 393 DE
786 356 1052 394 MIRACULIS
1079 355 1250 394 SANCTI
1275 356 1485 397 mnam.

390 461 448 494 ex
481 443 743 493 astantibus
775 445 840 494 ait
872 462 884 491 ε
915 465 938 489 α
958 446 1176 492 Murmur
1205 444 1448 492 mitescere
1478 460 1580 491 non
1610 454 1790 510 potest,

392 523 504 588 quia
535 522 684 571 virtus
715 523 910 571 Domini
938 521 1221 570 miraculum
1251 520 1478 587 prodidit.
1516 523 1634 570 Ecce
1666 522 1796 570 enim

391 600 560 664 mulier
597 601 678 650 illa
709 618 814 667 quae
845 618 895 650 se
928 616 1100 649 caecam
1133 599 1391 649 testabatur
1426 609 1599 662 ortam,
1636 616 1796 649 erum-

390 690 532 745 pente
547 679 609 728 ab
622 680 772 728 oculis
791 680 1038 744 sanguine,
1051 679 1205 726 visum
1224 678 1414 744 recepit.
1433 698 1456 722 >³
1480 680 1612 727 Tunc
1631 693 1798 726 omnes

389 756 735 806 benedixerunt
766 761 948 819 Deum,
986 766 1327 820 cognoscentes
1360 756 1534 822 pariter
1568 773 1672 821 quae
1701 755 1799 803 sue·

390 844 497 883 rant
517 845 662 898 gesta.

920 905 1077 942 CAPUT
1102 906 1270 942 XLVIII.

663 993 715 1026 De
728 991 883 1038 reliqum
893 1003 979 1037 quas
992 991 1181 1027 Nanninus
1194 992 1374 1040 presbyter
1391 991 1526 1028 detulit.

455 1080 724 1128 Nanninus¹
754 1080 914 1144 igitur,
952 1079 1197 1145 presbyter
1229 1078 1423 1128 domus’
1453 1077 1767 1127 Vibriacensis
1780 1113 1794 1135 ,

388 1159 605 1222 martyris
636 1158 780 1222 hujus
816 1157 1008 1221 gloriosi
1039 1157 1259 1221 reliquias
1294 1156 1532 1222 expetivit,
1569 1172 1704 1221 qum,
1742 1171 1800 1204 ex

382 1234 517 1298 jussu
542 1234 670 1283 beati
691 1234 813 1283 Aviti
836 1233 1076 1300 pontificis
1101 1242 1364 1299 assumptas
1378 1268 1391 1293 ‚
1415 1249 1526 1280 cum
1552 1232 1799 1298 psallentio

387 1312 495 1359 tulit
516 1328 668 1377 usque
691 1312 754 1361 ad
775 1312 1023 1360 basilicam
1051 1312 1201 1360 sancti
1230 1311 1459 1372 Ferreoli,
1485 1311 1614 1375 quae'
1634 1309 1801 1375 procul

388 1390 451 1439 ab
482 1392 587 1457 ipso
619 1392 727 1439 vico
760 1392 849 1440 sita
874 1401 945 1439 est
981 1409 991 1437 :
1027 1401 1092 1450 et,
1127 1407 1239 1439 cum
1269 1390 1332 1439 ad
1359 1405 1465 1438 eam
1495 1388 1798 1455 pervenisset,

387 1485 512 1516 unus
536 1486 593 1517 ex
618 1470 951 1534 energumenis
967 1478 1039 1518 est
1059 1467 1332 1517 mundatus.
1358 1466 1623 1516 Procedens
1641 1475 1801 1514 autem

389 1546 661 1610 psallendo,
704 1563 816 1596 cum
860 1546 923 1596 ad
964 1545 1235 1595 medianam
1270 1545 1557 1612 pervenisset
1594 1543 1765 1591 horam
1783 1580 1796 1604 ,

388 1621 526 1671 hoste
567 1623 792 1690 improbo
834 1624 1005 1672 virtute
1045 1624 1195 1672 sancti
1239 1621 1438 1687 depulso
1454 1659 1469 1683 ,
1509 1619 1665 1686 puella
1710 1620 1801 1668 alia

389 1710 587 1764 purgata
608 1701 833 1749 discessit.

947 1777 1100 1815 CAPUT
1124 1777 1255 1812 XLIX.

589 1863 697 1907 Quod
714 1863 759 1898 de
773 1863 928 1910 ejusdem
944 1864 1098 1910 reliquiis
1114 1865 1213 1899 multi
1228 1863 1358 1899 infirmi
1373 1863 1484 1900 sanati
1500 1872 1594 1899 sunt.

455 1949 695 1996 Accedens
725 1959 887 1997 autem
921 1950 984 1997 ad
1010 1949 1172 1997 locum
1194 1950 1279 1998 ubi
1310 1949 1571 1998 oratorium
1591 1948 1724 2012 quod
1750 1949 1800 1997 in

389 2025 628 2073 honorem
654 2027 805 2075 sancti
832 2037 1157 2075 construxerat
1172 2064 1185 2089 ‚
1212 2027 1370 2093 posuit
1394 2026 1496 2073 haec
1520 2026 1722 2091 pignora
1750 2025 1802 2072 in

389 2101 523 2150 altari
565 2113 750 2151 sancto.
794 2104 1036 2153 Accedens
1068 2114 1230 2153 autem
1267 2104 1330 2152 ad
1370 2120 1481 2151 eum
1517 2118 1642 2150 unus
1689 2117 1801 2149 cum

390 2180 569 2228 amissis
602 2181 776 2244 oculis,
815 2183 934 2230 alius
956 2199 1103 2230 manu
1125 2181 1322 2243 debilis,
1346 2181 1539 2246 impleta
1565 2180 1796 2240 oratione,

388 2256 468 2304 hic
510 2258 668 2306 lucem
705 2260 882 2325 recepit
915 2270 1025 2325 post
1058 2259 1295 2321 tenebras,
1336 2275 1506 2307 manus
1547 2257 1624 2305 ille
1659 2272 1799 2303 usum

441 2412 495 2459 (1)
514 2410 589 2449 Alii
599 2439 611 2459 ‚
630 2414 842 2450 Manainus
859 2420 925 2451 aut
941 2413 1129 2450 Naninus.
1144 2413 1265 2449 Porro
1278 2410 1434 2449 nomine
1445 2408 1610 2448 Vibi-iaci
1624 2411 1797 2447 Veterem

388 2472 599 2522 Brivatem‚
625 2474 755 2526 vulgo*
771 2475 1114 2521 Vieille-Brioude,
1140 2473 1204 2511 hic
1226 2472 1414 2524 designari
1440 2479 1569 2510 censet
1590 2472 1732 2509 Savaro
1758 2470 1798 2508 in

389 2534 606 2586 Originibus
623 2537 788 2575 Clarom.
806 2551 817 2584 ;
846 2536 913 2575 sed
941 2536 1012 2574 iste
1041 2536 1162 2583 locus,
1182 2547 1231 2573 ex
1255 2534 1435 2586 opinione
1451 2533 1658 2580 Ruinartii‚
1679 2532 1797 2584 magis

388 2609 470 2635 esse
488 2598 683 2637 videretur
702 2599 841 2638 Vibrac
857 2613 926 2638 seu
949 2599 1100 2647 Vibrat,
1128 2598 1235 2637 vicus
1262 2597 1433 2637 dioecesis
1461 2595 1794 2642 Claromontensis‚

387 2668 454 2697 ant
471 2660 630 2699 fortasse
653 2661 785 2701 Vebret
799 2663 840 2701 in
858 2662 991 2701 eadem
1009 2661 1174 2700 dioecesi.

338 2716 340 2718 V
441 2725 496 2772 (2)
523 2725 667 2761 Domus
691 2724 795 2763 nude
808 2753 819 2771 ‚
854 2724 962 2775 quasi
992 2723 1127 2761 domus
1152 2724 1248 2770 Dei;
1287 2723 1482 2778 ecclesiam
1510 2721 1564 2759 sic
1592 2720 1795 2772 aliquando

387 2784 529 2824 dictam
547 2794 707 2824 testatur
725 2787 904 2839 cangius,
924 2787 1049 2826 Gloss.

436 2850 492 2898 (3)
510 2849 619 2887 Adde
637 2863 722 2887 non.
746 2849 824 2902 (R.)
835 2872 889 2879 —
901 2853 1037 2889 Procul
1054 2858 1091 2888 et
1106 2863 1177 2902 pro
1196 2862 1318 2901 parvo
1342 2848 1463 2900 spatio
1485 2847 1581 2886 sumi
1599 2855 1738 2900 potest.
