2002 3418
371 331 446 369 ¹86
743 333 808 369 DE
836 332 1024 370 GLORIA
1050 333 1349 371 MARTYRUM.

332 477 339 486 l
360 420 511 467 sancti
534 420 795 468 Saturnini¹
817 421 1043 485 reliquiae,
1072 421 1371 485 irruptoque,
1398 419 1566 468 ablatis
1582 421 1784 485 palliolis

366 498 439 545 vel
465 497 657 562 reliquis
680 499 927 546 ministerii
951 499 1259 559 ornamentis,
1278 508 1419 545 nocte
1438 507 1623 561 tegente
1640 499 1787 546 disce-

363 574 503 623 dunt.
539 575 632 622 Sed
657 575 904 640 presbyter
942 592 1287 639 recognoscens
1323 575 1528 633 furtum,
1566 591 1623 622 ac
1663 575 1786 622 inter

363 653 546 701 vicinos
569 664 801 710 scrutans,
826 654 1011 701 nullum
1033 655 1191 719 potuit
1212 670 1269 700 ex
1291 653 1366 700 his
1384 669 1490 718 quae
1512 652 1669 700 ablata
1685 652 1785 700 fue—

366 740 474 777 rant
493 731 725 778 indicium
744 731 966 796 reperire.
988 732 1207 778 Protinus
1224 747 1340 778 vero
1362 727 1570 778 latrones
1585 730 1667 793 qui
1686 729 1786 777 haec

368 807 663 855 admiserunt
693 808 742 855 in
770 809 1128 855 Aurelianense²
1153 825 1201 855 se
1222 808 1514 855 territorium
1538 807 1788 855 transtule-

367 892 502 943 runt3
541 882 797 947 divisisque
823 882 966 929 rebus
980 920 992 943 ‚
1028 883 1210 947 accepit
1244 883 1568 947 unusquisque
1603 892 1787 946 partem

367 977 521 1008 suam.
551 961 644 1007 Sed
663 977 776 1006 mox
800 961 1080 1024 insequente
1102 960 1286 1007 ultione
1306 960 1484 1021 divina,
1510 969 1715 1023 quatuor
1737 960 1785 1006 in
1814 1001 1816 1003 .

367 1038 682 1085 seditionibus
702 1037 937 1084 interfecti
959 1046 1086 1084 sunt.
1131 1038 1337 1095 Quintus
1369 1054 1484 1084 vero
1514 1047 1666 1091 totam
1698 1037 1787 1084 sibi

369 1115 479 1162 furti
492 1115 635 1179 hujus
647 1114 972 1161 haereditatem
989 1124 1223 1179 superstes
1242 1130 1493 1162 remanens
1510 1114 1782 1162 vindicavit.

369 1192 462 1239 Sed
485 1191 571 1239 ubi
590 1192 694 1239 haec
717 1193 765 1238 in
790 1191 993 1238 domum
1015 1209 1150 1239 suam
1173 1192 1390 1253 contulit,
1417 1192 1574 1239 statim
1589 1191 1788 1239 obtectis

370 1270 600 1332 sanguine
623 1271 791 1331 oculis,
818 1279 1076 1317 excaecatus
1095 1279 1182 1316 est.
1203 1271 1336 1315 Tunc
1357 1278 1673 1333 compunctus
1689 1279 1787 1316 tam

372 1347 619 1396 doloribus
654 1365 800 1412 quam
840 1349 1148 1414 inspiratione
1189 1347 1350 1395 divina
1366 1385 1379 1408 ‚
1421 1348 1553 1395 vovit
1584 1347 1748 1395 dicens
1773 1366 1784 1394 :

376 1446 398 1470 α
426 1427 474 1472 Si
510 1427 764 1491 respexerit
793 1429 923 1474 Deus
953 1427 1193 1473 miseriam
1220 1441 1378 1473 meam
1409 1436 1457 1472 et
1491 1425 1610 1472 mihi
1633 1426 1788 1473 visum

372 1502 633 1550 reddiderit
652 1541 664 1562 ,
694 1503 894 1551 referam
916 1504 1026 1550 loco
1051 1503 1119 1550 illi
1141 1513 1304 1550 sancto
1326 1519 1430 1567 quae
1455 1501 1644 1550 abstuli.
1674 1522 1698 1545 »
1732 1505 1789 1549 Et

372 1581 474 1627 haec
513 1598 624 1627 cum
664 1582 884 1645 lacrymis
928 1597 1071 1628 orans
1120 1580 1275 1627 visum
1311 1580 1505 1644 recepit.
1548 1579 1788 1626 Accedens

373 1674 486 1704 vero
509 1659 571 1706 ad
596 1658 832 1723 oppidum
853 1659 1204 1719 Aurelianense,
1230 1658 1510 1722 providente
1537 1660 1657 1720 Deo,
1683 1656 1788 1704 dia-

373 1746 552 1782 conum
589 1739 854 1783 Arvernum
890 1737 1087 1783 invenit.
1131 1736 1218 1782 Cui
1244 1734 1427 1783 traditis
1467 1734 1609 1782 rebus
1625 1772 1638 1796 ‚
1680 1751 1789 1799 sup-

371 1814 554 1879 pliciter
577 1815 788 1866 exoravit
807 1824 862 1861 ut
881 1814 1072 1861 easdem
1102 1814 1312 1861 oratorio
1348 1814 1626 1874 restitueret,
1654 1812 1786 1876 quod

372 1891 604 1939 diaconus
625 1891 826 1939 devotus
847 1892 1073 1956 implevit.

914 2037 1066 2074 CAPUT
1092 2036 1242 2072 LXVII.

798 2134 852 2168 De
867 2142 988 2169 sancto
1002 2133 1155 2169 Genesio
1170 2134 1333 2168 Arverno
1341 2134 1368 2167 ἱ

437 2231 720 2295 Nuperrimo
739 2239 899 2277 autem
917 2230 1171 2294 tempore‘,
1198 2229 1247 2275 in
1268 2228 1410 2291 hujus
1422 2226 1555 2274 urbis
1571 2229 1789 2273 Arvernae

372 2308 629 2368 territorio,
671 2307 801 2371 quod
833 2306 1016 2371 adjacet
1035 2306 1306 2369 Tigernensi
1326 2304 1535 2365 castello,
1561 2303 1790 2350 Genesius

372 2385 585 2449 ejusdem
607 2385 703 2432 loci
742 2393 932 2432 sanctus
963 2400 1012 2430 se
1034 2383 1130 2429 hoc
1153 2382 1302 2429 modo
1325 2381 1563 2429 revelavit.
1604 2384 1790 2446 Pauper

372 2464 567 2526 quidam
582 2463 747 2523 boves,
765 2478 885 2525 quos
901 2460 964 2508 ad
975 2460 1288 2508 exercendam
1307 2459 1543 2507 culturam
1559 2457 1784 2520 habebat,

427 2631 484 2684 (1)
501 2635 639 2671 Passus
663 2641 749 2684 post
763 2644 827 2670 an.
848 2633 943 2679 250,
961 2632 1012 2669 29
1031 2643 1123 2668 nov.
1144 2632 1223 2678 (R.)

427 2697 482 2743 (2)
504 2697 607 2733 2204
627 2703 664 2732 et
682 2708 768 2746 sup.
791 2695 884 2743 478,
906 2696 1164 2735 Αανὶἰίαῃεηεὶ
1183 2701 1221 2730 et
1242 2691 1400 2730 inferius
1418 2693 1598 2742 oppidum
1617 2691 1787 2727 Aur-ilia—

374 2770 534 2794 nensem.
889 2766 892 2767 ⁷

429 2821 483 2867 (3)
503 2822 560 2856 De
575 2821 617 2858 S.
642 2821 797 2857 Genese‘o
813 2820 1003 2868 episcopo,
1028 2819 1147 2855 2791.
1164 2839 1217 2845 —
1230 2819 1285 2864 (4)
1304 2820 1364 2855 An
1370 2844 1466 2855 ......
1489 2817 1540 2854 28
1559 2823 1636 2854 oct.
1656 2816 1734 2862 (R.)
