2002 3418
295 322 372 358 214
698 321 765 356 DE
792 319 980 356 GLORIA
1007 319 1303 356 MARTYRUM.

295 424 420 466 rum,
442 417 727 473 putaverunt
741 407 874 472 quod
892 406 1280 455 archidiaconum
1293 406 1500 470 jussisset
1513 407 1701 456 adduci.

297 487 371 544 Et,
396 486 598 533 ascensis
613 483 867 549 equitibus,
891 492 1121 531 venerunt
1137 483 1199 530 ad
1210 482 1397 543 urbem,
1419 484 1708 548 interrogan-

298 574 459 628 tesque
491 563 551 611 de
585 563 949 623 archidiacono,
985 562 1132 625 digito
1156 562 1223 608 eis
1250 571 1465 609 ostensus
1485 571 1570 609 est.
1600 565 1710 610 Erat

297 643 427 690 enim
452 642 532 690 hic
553 643 760 689 Joannes
786 641 1000 698 nomine,
1029 640 1166 687 valde
1195 639 1461 703 religiosus,
1488 649 1536 686 et
1559 641 1609 687 in
1636 657 1710 688 ar-

297 719 632 767 chidiaconatu
653 734 740 765 suo
764 717 974 765 studium
996 716 1201 764 docendi
1221 716 1443 782 parvulos
1466 716 1673 764 habens¹
1696 733 1707 762 t

298 796 743 863 apprehensumque
751 795 886 860 pueri
897 794 1047 855 ducis,
1059 794 1211 858 ligatis
1221 795 1439 842 manibus
1448 810 1503 842 ac
1513 793 1715 860 pedibus

298 874 387 922 sub
410 874 518 922 alvo
540 875 670 938 equi,
697 873 997 920 adduxerunt
1018 887 1145 919 eum.
1173 872 1266 919 Sed
1294 889 1392 919 non
1415 872 1551 919 desiit
1569 872 1717 919 virtus
1800 868 1809 877 ‘

301 952 518 1016 martyris
543 951 742 999 alumno
767 952 964 1016 proprio
987 950 1255 998 subvenire.
1288 952 1426 998 Pueri
1453 967 1567 997 vero
1585 951 1718 1015 juxta

301 1031 451 1094 ipsam
487 1038 678 1094 portam
699 1045 811 1075 cum
846 1043 906 1076 eo
927 1029 1223 1076 mansionem
1261 1028 1547 1089 habuerunt,
1586 1029 1714 1092 quia,

296 1107 396 1170 jam
417 1106 647 1153 obseratis
668 1122 758 1171 pro
780 1115 923 1154 nocte
945 1115 1194 1171 portarum
1213 1107 1362 1154 valvis
1379 1145 1391 1167 ‚
1419 1107 1601 1170 ingredi
1620 1124 1718 1154 non

302 1193 580 1249 potuerunt.
624 1185 678 1232 In
715 1184 817 1248 ipsa
850 1200 965 1231 vero
1001 1193 1166 1243 nocte,
1204 1183 1326 1231 duce
1362 1184 1586 1233 obdormi
1612 1194 1718 1242 nte,

304 1262 448 1309 astitit
461 1262 506 1309 ei
523 1261 889 1309 archidiaconus
903 1278 991 1327 per
1009 1262 1182 1321 visum,
1209 1261 1371 1309 dicens
1394 1280 1404 1308 :
1427 1281 1449 1317 «ᾳ
1461 1262 1555 1320 Qui
1631 1261 1720 1321 ‘bi,

306 1356 336 1386 o
357 1339 526 1399 homo,
550 1339 798 1405 culpabilis
815 1340 996 1401 exstiti,
1023 1339 1157 1404 quod
1177 1356 1254 1387 me
1278 1340 1328 1386 in
1343 1339 1470 1388 hanc
1491 1339 1727 1387 humilita-

307 1426 404 1464 tem
420 1417 667 1465 redactum
698 1434 810 1465 cum
834 1417 918 1465 tali
942 1417 1115 1481 jussisti
1140 1417 1311 1481 injuria
1331 1416 1583 1465 accersiri?
1605 1419 1726 1464 Vere

307 1494 465 1542 dicam
487 1494 574 1542 tibi
594 1496 706 1559 quia
722 1511 822 1542 non
845 1494 1039 1558 effugies
1051 1494 1284 1558 judicium
1306 1496 1410 1542 Dei.
1429 1515 1453 1540 »
1480 1497 1534 1542 At
1554 1495 1632 1542 ille
1647 1510 1727 1540 ex-

306 1574 601 1639 pergefactus
615 1610 628 1634 ‚
672 1584 1095 1637 consternatusque
1130 1583 1285 1634 metu,
1322 1574 1553 1622 exclamat
1585 1575 1681 1621 suis
1712 1591 1723 1619 ε

313 1672 335 1695 (ι
357 1652 584 1715 lnquit-ite
603 1651 641 1698 si
656 1652 791 1716 pueri
808 1667 930 1715 quos
945 1655 1232 1699 Nemausum
1251 1651 1508 1699 direximus
1531 1651 1630 1715 jam
1649 1668 1730 1699 ve-

310 1739 500 1776 nerunt.
511 1749 533 1773 »
548 1731 989 1794 Interrogantesque
1000 1729 1060 1776 de
1070 1746 1210 1776 muro
1220 1728 1368 1789 urbiS‚
1382 1729 1730 1794 responderunt

311 1823 361 1854 se
380 1807 542 1855 adesse
568 1823 680 1854 cum
696 1806 910 1854 homine.
939 1808 1227 1855 Renuntiant
1255 1807 1410 1854 nuntii
1438 1823 1543 1871 quae
1568 1806 1730 1853 audie-

313 1894 421 1932 rant
442 1874 786 1948 confestimque
815 1884 911 1931 dux
929 1885 1019 1932 ait:
1038 1905 1061 1928 «
1074 1884 1303 1932 Exhibete
1317 1884 1380 1932 ad
1395 1900 1471 1932 me
1482 1883 1732 1930 hominem

313 1977 460 2025 quem
482 1960 757 2007 adduxistis.
779 1960 967 2019 »Quod
983 1977 1095 2008 cum
1113 1960 1291 2008 factum
1310 1960 1489 2019 fuisset,
1503 1959 1734 2024 aspiciens

315 2055 427 2086 eum
447 2037 543 2085 dux
556 2075 568 2099 ‚
599 2039 770 2085 timore
785 2040 1060 2103 perterritus
1073 2076 1085 2100 ,
1109 2039 1175 2087 ait
1197 2058 1209 2086 ε
1231 2059 1254 2082 «
1269 2036 1733 2104 Archipresbyterum

316 2133 405 2180 ego
424 2116 599 2165 adduci
611 2133 947 2182 praeceperam,
964 2134 1064 2165 non
1089 2117 1495 2165 archidiaconum.
1512 2118 1604 2165 »Et
1621 2133 1735 2182 pro-

317 2203 488 2240 stratus
515 2193 577 2241 ad
595 2193 743 2258 pedes
761 2194 882 2259 ejus,
904 2196 969 2243 ait
992 2213 1003 2242 ι
1025 2216 1048 2239 «
1063 2195 1283 2258 Indulge,
1312 2211 1496 2259 quaem,
1514 2194 1735 2258 injuriam

318 2270 476 2317 delicti
505 2270 670 2335 hujus,
695 2273 808 2336 quia
826 2289 926 2320 non
948 2282 1019 2321 est
1039 2273 1088 2319 in
1117 2273 1405 2319 conscientia
1432 2287 1540 2319 mea
1565 2280 1619 2317 ut
1634 2270 1736 2329 haec

320 2363 483 2411 passus
506 2347 684 2395 fuisses.
698 2367 720 2392 >2
731 2350 789 2397 Et
806 2350 963 2396 statim
983 2349 1136 2411 dignis
1154 2348 1445 2397 honoratum
1457 2347 1737 2395 muneribus

320 2426 498 2472 remisit
513 2426 575 2473 ad
593 2425 782 2486 urbem,
799 2443 943 2491 quem
962 2427 1012 2473 in
1029 2435 1161 2473 tanto
1180 2441 1359 2484 amore,
1380 2442 1470 2491 pro
1489 2427 1592 2491 ipsa
1611 2441 1738 2473 mar-

322 2504 434 2566 tyris
447 2506 725 2565 reverentia,
743 2505 904 2553 dilexit
915 2506 964 2552 in
976 2514 1220 2570 posterum
1236 2514 1306 2564 ut,
1331 2504 1589 2552 decedente
1607 2503 1739 2551 urbis

378 2696 434 2751 (1)
454 2698 723 2739 Archidiaconi
740 2699 872 2739 munia
889 2708 927 2738 et
944 2700 1214 2753 praerogativas
1232 2700 1382 2753 egregie
1400 2699 1578 2740 describit
1588 2707 1740 2738 sanctus

326 2760 494 2800 Isidorus
505 2762 616 2814 epist.
632 2762 683 2801 ad
699 2762 994 2810 Leudefredum,
1014 2764 1130 2816 episc.
1147 2763 1448 2806 Cordubensem.
1462 2764 1557 2803 Vide
1573 2771 1612 2802 et
1621 2761 1690 2802 lib.
1705 2763 1736 2800 1.

328 2825 537 2873 Decretal.,
556 2837 642 2877 cap.
664 2840 718 2874 11;
738 2826 840 2878 apud
859 2826 1052 2874 Bolland.‚
1073 2829 1124 2866 ¹8
1141 2827 1279 2866 martii.
1301 2830 1382 2876 (R.)
