2002 3418
329 315 405 352 264
726 316 792 352 DE
820 315 1005 354 GLORIA
1033 315 1327 353 MARTYRUM.

327 419 409 450 eos
424 418 583 450 arcam
597 419 626 450 a
642 405 740 450 Noe
760 403 1032 450 fabricatam
1052 404 1330 466 requievisse
1351 405 1448 451 ait¹.
1470 403 1542 450 lbi
1557 403 1724 452 effossa

324 490 596 545 persecutor
627 490 770 542 terra,
804 482 1051 528 cisternam
1082 497 1304 544 magnam
1335 481 1542 528 efficiens
1559 517 1573 543 ‚
1601 497 1726 545 aqua

325 557 494 622 repleri
511 556 645 620 jubet
667 576 677 604 :
708 557 1004 621 nudatosque
1031 558 1156 605 viros
1178 593 1190 618 ,
1227 558 1378 620 ligatis
1408 568 1516 622 post
1545 567 1730 621 tergum

324 634 562 696 manibus,
581 635 631 681 in
652 635 809 682 lacum
830 636 937 699 gelu
961 646 1323 683 concatenatum
1348 636 1568 700 praecepit
1592 636 1726 700 poni,

323 729 551 759 succenso
574 729 600 758 e
618 713 810 775 regione
826 713 1018 775 balneo,
1045 713 1206 760 dicens
1230 731 1240 759 :
1267 732 1290 757 «
1313 713 1475 776 Eligite
1494 729 1520 759 e
1542 712 1731 760 duobus

324 806 490 836 unum.
520 791 605 838 Aut
630 791 680 836 in
706 791 795 838 isto
825 791 995 854 frigore
1026 791 1262 838 Christum
1296 802 1504 837 vestrum
1531 790 1731 838 confessi

323 866 536 927 deficite3
563 877 644 915 aut
677 878 900 931 negantes
913 906 926 929 ‚
961 868 1122 916 oblato
1146 868 1236 916 diis
1259 867 1487 916 sacrificio
1501 905 1513 929 ,
1544 867 1607 915 ad
1629 867 1730 915 bal-

322 961 468 991 neum
488 935 739 992 convolate
752 982 765 1006 ‚
802 955 854 991 ut
882 946 1068 1009 possitis
1089 947 1244 993 vivere
1272 956 1319 992 et
1347 962 1444 991 non
1466 946 1587 992 male
1615 961 1729 1010 pro-

322 1030 427 1085 pter
447 1020 724 1068 crucifixum
755 1021 1002 1069 hominem
1026 1025 1164 1070 mori.
1187 1043 1209 1066 >2
1235 1022 1521 1086 Negantibus
1542 1038 1732 1086 quoque

324 1099 505 1144 cunctis
526 1097 790 1145 sacrificare
809 1098 1078 1160 daemoniis,
1102 1099 1232 1146 videt
1247 1109 1406 1146 custos
1429 1116 1597 1147 eorum
1617 1115 1732 1163 qua·

322 1175 539 1238 draginta
563 1185 673 1222 octo
702 1193 905 1223 coronas
940 1177 1296 1241 pretiosissimas
1326 1194 1353 1227 e
1381 1177 1502 1225 coelo
1532 1177 1734 1242 dilapsas

322 1251 609 1299 descendere
649 1270 791 1318 super
829 1255 984 1318 capita
1025 1255 1236 1302 virorum
1269 1264 1317 1302 et
1352 1270 1499 1302 unam
1541 1270 1732 1318 quoque

322 1346 487 1377 earum
517 1333 759 1391 revocari3
796 1331 1028 1380 defecerat
1061 1333 1190 1380 enim
1222 1332 1338 1380 fides
1366 1333 1453 1379 viri
1479 1333 1619 1379 unius
1638 1369 1651 1393 ,
1687 1341 1733 1379 et

321 1409 539 1472 protinus
557 1409 730 1464 relictis
743 1409 1036 1470 satellitibus,
1061 1411 1284 1458 velociter
1305 1411 1367 1458 ad
1381 1410 1608 1458 balneum
1622 1426 1734 1458 con·

322 1485 529 1548 volavit3
555 1487 902 1552 immolatisque
928 1489 1128 1536 victimis
1143 1526 1156 1550 ,
1181 1488 1443 1536 honoratus
1461 1504 1490 1535 a
1510 1487 1731 1553 praeside,

322 1563 373 1609 in
396 1562 571 1611 balneo
592 1565 770 1629 tepenti
788 1565 978 1613 ablutus
1002 1576 1071 1614 est
1085 1604 1097 1628 ,
1120 1577 1398 1632 excepturus
1420 1567 1470 1613 in
1492 1575 1735 1631 posterum

322 1641 538 1703 perpetui
555 1641 675 1704 ignis
695 1642 993 1706 supplicium.
1022 1645 1131 1690 Haec
1144 1654 1300 1690 custos
1318 1644 1394 1690 ille
1406 1680 1418 1704 ,
1436 1652 1488 1689 ut
1503 1643 1705 1690 diximus
1717 1679 1730 1702 ‚

323 1733 544 1778 cernens,
577 1735 695 1765 voce
721 1735 894 1782 magna
916 1720 1178 1784 proclamat
1207 1737 1255 1766 se
1275 1720 1581 1767 christianum
1602 1737 1701 1767 esse
1716 1758 1729 1781 ,

325 1792 488 1841 dicens
510 1813 520 1840 ε
554 1814 577 1837 «
595 1797 716 1841 Cum
733 1796 901 1843 iisdem
924 1797 1046 1843 mori
1068 1796 1300 1844 desidero.
1323 1816 1346 1840 »
1371 1799 1466 1843 Nec
1489 1813 1639 1857 mora,
1665 1797 1736 1843 di-

325 1873 469 1919 versis
494 1873 647 1937 poenis
680 1873 875 1920 affectus
905 1874 1132 1938 spoliatur
1155 1883 1282 1921 veste
1299 1911 1311 1933 ,
1335 1890 1434 1920 non
1456 1871 1551 1920 fide
1573 1892 1585 1920 :
1612 1883 1659 1920 et
1683 1862 1739 1921 inl

324 1949 482 1995 lacum
505 1950 715 2014 ponitur,
745 1949 916 2013 frigora
941 1967 1053 1997 cum
1074 1951 1265 2014 reliquis
1288 1966 1591 2015 perpessurus
1609 1975 1633 2012 ‚·
1653 1950 1736 1998 sed

326 2025 583 2090 adepturus
608 2043 838 2074 coronam
852 2063 866 2088 ,
888 2043 1033 2090 quam
1059 2028 1200 2075 miser
1217 2026 1294 2074 ille
1316 2026 1598 2092 perdiderat.
1631 2031 1735 2077 Jam

326 2104 456 2151 enim
485 2105 695 2153 virorum
733 2115 949 2153 emortua
978 2116 1113 2154 erant
1142 2105 1313 2170 frigore
1345 2094 1624 2171 corpuscula
1655 2117 1701 2155 et
1716 2145 1729 2170 ‚

327 2180 550 2229 dentibus
588 2183 637 2228 in
682 2199 730 2230 se
769 2183 940 2231 collisis
964 2221 978 2245 ,
1020 2185 1118 2249 ipse
1160 2201 1352 2248 quoque
1386 2184 1517 2231 vocis
1554 2186 1735 2233 sonitus

326 2258 635 2307 claudebatur
660 2278 671 2306 ε
705 2277 856 2308 unum
886 2271 1074 2309 tantum
1102 2278 1318 2308 murmur
1353 2261 1578 2308 orationis
1613 2262 1734 2310 coelo

327 2334 389 2381 ab
418 2337 601 2384 arcanis
634 2338 839 2402 pectoris
866 2337 1148 2385 illabebatur
1178 2347 1347 2384 notum
1379 2338 1467 2384 soli
1492 2341 1593 2386 Deo
1609 2375 1622 2400 ,
1651 2327 1734 2403 qui

327 2414 461 2459 novit
480 2415 666 2462 occulta
680 2415 854 2462 cordis.
871 2415 1153 2462 Tremebant
1179 2414 1283 2462 fessi
1309 2424 1436 2462 artus
1459 2425 1556 2463 tam
1578 2416 1736 2463 inedia

329 2506 471 2553 quam
509 2493 714 2556 pruina;
752 2502 852 2540 erat
887 2509 992 2558 spes
1038 2493 1158 2539 coelo
1203 2493 1383 2539 intenta
1407 2530 1418 2552 ,
1453 2493 1551 2556 jam
1594 2509 1734 2541 carne

326 2578 626 2631 praemortua.
660 2572 841 2617 Interea
866 2569 1009 2633 judex
1043 2569 1234 2632 iniquus
1250 2606 1263 2630 ,
1293 2570 1461 2617 amotis
1498 2570 1703 2635 lymphis
1717 2607 1730 2631 ,

327 2642 552 2692 balneum
583 2646 807 2693 succendi
838 2647 1105 2710 septuplum
1124 2645 1289 2709 jubet,
1324 2656 1377 2692 ut
1409 2647 1582 2694 scilicet
1614 2662 1735 2710 quos

379 2803 434 2851 (1)
449 2802 546 2854 Gen.
569 2815 662 2849 vm,
688 2804 726 2841 Δ.
