2002 3418
353 316 429 354 3¹2
657 321 722 357 DE
751 320 1016 361 MIRACULIS
1045 323 1214 361 SANCTl
1245 324 1455 361 JULIANI.

352 408 516 456 minati
557 420 696 472 sunt;
747 412 1053 459 tertianarum
1091 423 1523 476 quartanarumque
1560 412 1759 463 febrium

353 487 522 535 ardore
542 488 750 549 accensi,
782 498 836 535 ut
868 490 1016 554 potati
1048 490 1129 553 qui
1157 491 1400 555 patiuntur
1423 489 1618 553 suerint,
1645 509 1761 540 con·

352 568 614 632 quiescunt.
642 570 762 614 Nam
783 576 830 614 et
848 567 884 614 si
902 569 1006 632 quis
1030 568 1158 631 gravi
1181 568 1405 616 laborans
1430 569 1759 632 incommodo,

352 644 609 709 inspirante
640 654 844 708 martyre
862 681 875 706 ,
917 645 1201 692 desiderium
1228 645 1449 693 habuerit
1479 646 1760 706 hauriendi,

351 721 568 785 protinus
586 731 639 768 ut
652 721 862 768 hauserit
881 722 1190 782 convalescit3
1211 732 1258 769 et
1274 722 1338 770 ita
1355 723 1576 771 velociter
1594 725 1764 772 exstin-

352 800 508 862 guitur
525 800 596 847 vis
622 798 827 846 febrium
856 816 944 847 ceu
968 801 1006 847 si
1028 800 1187 847 videas
1220 817 1360 865 super
1382 801 1666 849 immensum
1688 818 1766 849 ro-

354 893 484 939 gum,
510 876 730 941 projectis
750 876 910 938 undis,
941 877 1162 925 incendia
1182 878 1402 925 universa
1423 878 1663 943 restingui.
1712 874 1716 877 ’

928 1021 1084 1056 CAPUT
1108 1022 1173 1059 1v.

545 1113 598 1148 De
621 1111 762 1147 senibus
781 1118 815 1146 et
830 1119 993 1147 matrona
1010 1113 1110 1160 cujus
1125 1113 1181 1148 vir
1195 1125 1333 1149 carcere
1351 1115 1533 1151 tenebatur
1551 1117 1579 1150 ¹.

421 1217 530 1262 Post
551 1215 821 1280 passionem
847 1230 962 1262 vero
983 1213 1110 1262 beati
1133 1216 1373 1280 martyriS,
1409 1232 1467 1263 ac
1499 1216 1624 1265 fama
1654 1235 1769 1282 prae-

357 1302 499 1340 eunte
529 1292 590 1339 de
620 1292 812 1339 senibus
829 1329 842 1354 ,
868 1293 949 1356 qui
966 1330 978 1354 ,
1005 1292 1122 1340 dum
1145 1303 1333 1341 sanctos
1363 1303 1490 1342 artus
1523 1287 1770 1359 sepulturae

357 1370 657 1432 mandarent,
679 1369 942 1417 fortitudini
962 1371 1168 1436 pristinae
1190 1370 1362 1418 fuerint
1383 1371 1598 1432 restituti,
1624 1373 1772 1420 multa

359 1447 426 1495 ibi
439 1447 675 1495 beneficia
691 1458 960 1513 expetentes
975 1447 1330 1513 credentesque,
1357 1449 1629 1512 indulgente
1651 1466 1773 1497 mar·

358 1536 477 1590 tyre,
494 1536 870 1589 consequuntur.
888 1528 958 1573 De
977 1525 1152 1589 quibus
1164 1543 1316 1591 pauca
1338 1527 1669 1592 perstringenti
1689 1526 1772 1573 de·

361 1619 531 1667 precor
560 1603 749 1650 veniam
780 1603 1073 1664 condonari,
1107 1604 1237 1668 quod
1265 1621 1341 1651 me
1374 1605 1529 1651 minus
1563 1604 1637 1651 vel
1666 1604 1771 1651 ido-

361 1696 506 1726 neum
542 1679 616 1726 vel
649 1680 854 1743 peritum
881 1679 942 1726 ad
974 1679 1075 1726 haec
1113 1681 1349 1727 narranda
1378 1696 1644 1743 cognosco,
1686 1697 1773 1726 nec

362 1755 599 1803 imbutum
625 1756 939 1819 grammaticis
966 1755 1166 1817 artibus,
1204 1774 1293 1803 nec
1319 1758 1481 1804 litteris
1500 1756 1773 1804 liberalibus

363 1832 601 1879 eruditum
622 1850 632 1878 :
660 1833 743 1880 sed
765 1832 882 1896 quid
905 1832 1043 1893 facio,
1069 1833 1199 1897 quod
1222 1835 1420 1899 impellit
1440 1851 1516 1881 me
1538 1851 1674 1882 amor
1694 1850 1774 1899 pa-

363 1911 489 1957 troni
510 1920 563 1956 ut
583 1926 819 1974 nequeam
843 1910 942 1956 haec
968 1911 1119 1957 silere.
1154 1911 1350 1958 Vinctus
1371 1911 1566 1974 quidam
1588 1910 1649 1957 ab
1672 1913 1775 1958 His-

363 1983 517 2051 paniis
551 1998 599 2034 et
633 1988 809 2035 carceri
844 1988 1030 2035 deditus
1064 1988 1191 2052 apud
1217 1989 1548 2053 imperatorem
1567 1989 1774 2036 Treveri-

331 2066 335 2069 ’
363 2081 474 2111 cum
507 2065 696 2130 capitali
726 2064 1010 2128 dijudicatus
1053 2066 1283 2113 sententia
1313 2065 1626 2114 detinebatur.
1667 2069 1775 2124 Quo

363 2141 536 2205 conjux
568 2142 692 2189 illius
722 2141 933 2204 cognito,
962 2141 1077 2188 dum
1106 2143 1338 2190 tumulare
1361 2143 1448 2189 viri
1474 2142 1689 2190 membra
1710 2143 1775 2189 fe-

364 2221 522 2282 stinat,
540 2220 602 2267 ad
628 2220 947 2267 Brivatensem
968 2220 1127 2266 vicum
1145 2220 1374 2284 pervenit,
1386 2229 1688 2284 repertosque
1706 2220 1774 2266 vi-

363 2314 466 2359 ros,
502 2298 619 2345 dum
638 2297 823 2345 diversa
844 2296 1002 2344 studio
1024 2297 1207 2344 intento
1238 2298 1503 2357 rimaretur,
1533 2298 1775 2360 cognoscit

366 2374 481 2437 quid
508 2375 558 2421 in
581 2390 640 2422 eo
662 2374 772 2422 loco
793 2374 868 2421 vel
891 2373 951 2420 de
974 2383 1201 2437 martyre,
1229 2374 1304 2420 vel
1338 2373 1396 2420 de
1425 2372 1616 2421 senibus
1638 2373 1775 2422 fuerit

366 2461 569 2514 gestum;
601 2450 821 2515 fidelique
841 2450 1147 2497 insinuationi
1169 2450 1388 2510 credens,
1418 2450 1479 2498 ad
1508 2451 1774 2516 sepulcrum

366 2529 492 2577 beati
514 2531 733 2595 martyris
750 2528 980 2577 deliberat
991 2544 1263 2593 properare,
1289 2538 1342 2576 ut
1359 2545 1524 2577 causas
1541 2540 1771 2593 suggerat,

367 2623 503 2654 casus
524 2616 713 2668 reseret,
742 2607 816 2654 vel
844 2615 1069 2653 cunctum
1099 2605 1312 2653 laborem
1337 2606 1408 2654 sui
1437 2606 1616 2654 doloris
1635 2623 1777 2672 expo-

418 2800 474 2848 (1)
493 2799 607 2846 Cujtcs
625 2802 686 2836 vir
706 2796 923 2843 tenebatur,
945 2797 1048 2835 2201*
1067 2804 1104 2835 et
1122 2798 1239 2836 2205.
