2002 3418
388 363 464 400 284
798 366 862 400 DE
890 364 1076 401 GLORIA
1103 364 1394 403 MARTYRUM.

386 459 545 498 autem
573 451 732 499 media
752 451 879 498 venit
900 451 962 498 ad
986 466 1097 498 eum
1124 451 1317 514 angelus
1345 453 1568 515 Domini,
1593 464 1655 516 et,
1681 472 1796 504 con·
1874 491 1876 493 ψ

386 527 542 576 fractis
569 529 745 577 catenis
771 528 1005 593 scissaque
1024 527 1158 576 trabe
1181 544 1277 592 qua
1296 528 1442 594 pedes
1465 530 1565 594 ejus
1587 533 1797 582 conclusi

384 619 535 669 erant,
554 609 619 656 ait
640 627 651 656 x
678 628 702 653 ι(
717 610 864 673 Surge
887 619 934 656 et
956 625 1150 673 sequere
1169 626 1263 657 me.
1282 628 1305 653 n
1325 610 1419 667 Qui
1436 626 1630 673 surgens
1647 628 1797 675 egres-

386 703 463 733 sus
475 696 544 733 est
561 686 742 748 cumseo
757 687 953 750 januam
966 688 1181 735 carceris.
1200 686 1420 751 Dixitque
1435 687 1479 734 ei
1497 689 1689 752 angelus
1701 691 1798 737 Do-

384 763 502 810 mini
523 781 534 810 :
553 783 575 809 «
590 764 870 811 Conscende
888 763 950 812 ad
968 774 1213 826 montana,
1236 774 1282 811 et
1302 764 1487 827 require
1506 765 1798 814 sacerdotem

385 848 549 899 tuum;
584 840 925 904 inventumque
957 856 1011 887 ac
1035 840 1346 887 refocillatum
1371 839 1516 887 reduc
1536 840 1598 887 ad
1627 841 1799 890 urbem

386 925 431 962 et
458 915 508 961 in
535 916 645 962 loco
667 915 911 963 absconde
937 927 1116 964 secreto
1134 953 1147 979 ,
1169 933 1232 964 ne
1260 916 1419 965 inedia
1443 933 1499 964 ac
1525 918 1699 982 rigore¹
1717 918 1799 966 de·

384 1002 565 1056 pereat,
581 992 737 1040 donec
748 993 930 1041 desinat
938 995 1201 1058 persecutio
1215 1010 1245 1043 a
1259 994 1539 1043 christianis.
1557 1015 1580 1039 »
1596 998 1798 1061 Accepto

384 1069 508 1115 Felix
531 1069 759 1117 mandato
774 1107 787 1132 ,
811 1071 963 1135 pergit
979 1087 1077 1135 quo
1095 1071 1335 1119 nesciebat
1356 1089 1368 1119 ε
1389 1072 1472 1120 sed
1488 1109 1501 1134 ,
1522 1073 1799 1137 providente

385 1148 489 1194 Deo
514 1184 527 1208 ‚
571 1149 747 1213 reperit
791 1149 1086 1196 sacerdotem
1128 1149 1231 1196 solo
1276 1159 1566 1213 prostratum
1583 1187 1597 1212 ,
1632 1150 1800 1198 clausis

388 1224 538 1271 oculis
575 1225 838 1288 strictisque
869 1224 1117 1287 dentibus,
1148 1226 1199 1272 in
1220 1241 1319 1290 quo
1348 1225 1468 1273 nihil
1501 1226 1631 1273 aliud
1656 1243 1801 1293 quam

386 1302 540 1348 tenuis
573 1302 809 1350 anhelitus
849 1302 1110 1368 inspirabat
1142 1319 1154 1349 :
1192 1303 1584 1368 interpellatoque
1617 1303 1802 1352 nullum

385 1395 656 1427 sermonem
680 1380 839 1445 potuit
855 1381 1024 1429 elicere
1040 1417 1053 1442 ,
1086 1390 1309 1444 tactoque
1322 1417 1337 1442 ,
1361 1381 1505 1428 sensit
1524 1381 1625 1445 ejus
1651 1397 1802 1430 mem·

383 1453 472 1503 bra
510 1456 667 1504 hieme
706 1456 857 1520 rigida
894 1467 941 1505 et
970 1456 1152 1521 absque
1187 1458 1286 1504 ullo
1320 1457 1452 1505 vitali
1489 1466 1655 1523 tepore
1682 1474 1801 1523 prae-

385 1544 594 1593 mortua‚
618 1536 791 1582 Anxius
820 1545 980 1583 autem
1000 1552 1113 1583 cum
1141 1536 1326 1583 nullum
1348 1535 1627 1584 alimentum
1652 1546 1773 1584 esset
1786 1574 1799 1598 ,

385 1615 518 1679 quod
539 1615 823 1681 periclitanti
852 1614 1114 1680 porrigeret
1129 1651 1142 1676 ,
1168 1630 1324 1678 neque
1355 1630 1454 1679 quo
1485 1614 1606 1677 ignis
1634 1630 1803 1661 accen-

384 1692 575 1740 deretur
594 1691 792 1740 haberet
805 1728 818 1753 ,
842 1691 959 1739 dum
980 1701 1123 1739 staret
1143 1692 1371 1739 attonitus
1384 1728 1397 1752 ,
1419 1691 1554 1755 quasi
1576 1691 1636 1738 de
1662 1691 1803 1739 aethe-

384 1770 474 1816 reis
511 1769 703 1817 sedibus
741 1769 1000 1835 dilapsum,
1039 1767 1172 1833 quod
1213 1769 1278 1816 ita
1311 1778 1433 1829 erat,
1477 1784 1652 1814 munus
1688 1784 1804 1815 con-

384 1847 639 1912 templatur
668 1847 953 1910 angelicum.
992 1849 1111 1894 Ecce
1142 1846 1273 1893 enim
1307 1844 1368 1892 de
1401 1854 1532 1892 sente
1566 1861 1672 1909 quae
1704 1855 1804 1893 erat

385 1924 603 1987 proxima
632 1939 776 1971 uvam
798 1923 1008 1989 pendere
1041 1923 1320 1984 admiratur,
1343 1922 1404 1969 de
1425 1938 1537 1986 qua,
1571 1922 1731 1985 granis
1753 1923 1804 1969 in

386 2016 441 2047 os
459 2001 742 2049 confessoris
765 2001 1013 2066 expressis,
1036 2001 1285 2066 paululum·
1310 2000 1471 2071 senior
1490 1998 1800 2061 refocillatus,

386 2087 568 2125 erectus
586 2087 656 2125 est
676 2096 686 2125 :
711 2094 857 2143 quem
873 2078 1085 2126 humeris
1106 2078 1383 2144 impositum
1408 2086 1540 2126 tanta
1557 2077 1805 2125 velocitate

385 2155 554 2203 detulit
589 2166 642 2203 ut
674 2166 917 2223 putaretur
952 2157 1103 2221 magis
1130 2157 1207 2204 ille
1242 2156 1352 2203 ferri
1384 2171 1528 2220 quam
1565 2154 1700 2202 ferre.
1729 2155 1806 2202 Sic

387 2234 841 2299 tuguriobujusdam
859 2235 1013 2284 viduae
1036 2234 1373 2282 commendato
1390 2233 1668 2281 alimentum
1689 2248 1805 2297 prae-

386 2311 518 2374 buit,
544 2312 701 2360 donec
726 2314 957 2361 insecutio
985 2312 1239 2360 christiana
1261 2311 1486 2359 discessit.
1519 2313 1628 2368 Quo
1653 2325 1806 2357 sacer-

385 2389 499 2438 dote
522 2392 777 2455 migrante,
812 2392 938 2439 Felix
989 2390 1162 2438 electus
1200 2406 1229 2437 a
1263 2389 1445 2454 populo
1483 2397 1539 2435 ut
1571 2387 1805 2435 cathedrae

385 2469 706 2518 ecclesiasticae
721 2479 1120 2536 superponeretur
1142 2468 1296 2515 noluit
1318 2467 1642 2532 acquiescere:
1659 2462 1807 2524 Quin-

386 2554 460 2592 tus
478 2547 691 2608 nomine,
718 2547 1004 2613 presbyter²,
1026 2546 1276 2613 episcopus
1293 2545 1557 2593 ordinatur.
1585 2545 1702 2591 Orta
1721 2542 1806 2606 igi-

442 2798 497 2846 (1)
516 2800 681 2850 ffigore,
703 2800 823 2846 3788,
847 2800 966 2846 5292,
990 2799 1109 2846 5318,
1140 2770 1257 2836 3319.

441 2859 497 2912 (2)
520 2863 685 2910 Quidam
706 2875 786 2900 vero
799 2862 1000 2914 presbiter,
1020 2865 1169 2900 nomine
1192 2863 1366 2909 Quintus,
1388 2863 1594 2910 episcopus,
1619 2856 1737 2896 3788.
