2002 3418
378 341 400 376 8
777 338 841 375 DE
869 337 1055 376 GLORIA
1082 337 1381 375 MARTYRUM.

372 429 508 494 juxta
527 426 673 476 fidem
695 426 1028 492 Evangelicarn
1047 463 1062 489 ,
1086 427 1212 489 magi
1246 425 1309 472 ab
1341 425 1534 472 Oriente
1560 437 1793 474 venerunt

377 506 717 570 Hierosolymis
733 508 764 567 ²,
802 505 1012 552 dicentes
1040 522 1053 551 z
1087 503 1178 551 Ubi
1206 515 1278 550 est
1306 505 1393 567 qui
1418 515 1559 550 natus
1585 515 1658 550 est
1690 507 1793 551 Rex

376 583 683 632 Iudaeorum?
710 582 927 630 Vidimus
949 582 1077 628 enim
1100 580 1287 627 stellam
1310 580 1414 646 ejus
1439 582 1489 627 in
1512 582 1722 643 Oriente,
1749 593 1798 629 ec

378 663 587 709 venimus
608 660 815 708 adorare
836 663 988 719 eum²‚
1015 670 1062 707 et
1082 659 1280 722 reliqua.

442 741 524 787 Est
559 749 718 786 autem
754 739 805 785 in
848 737 1089 785 Bethleem
1129 746 1299 801 puteus
1338 752 1538 800 magnus
1553 774 1566 799 ,
1606 735 1667 784 de
1698 753 1796 801 quo

375 817 524 867 Maria
549 817 754 880 gloriosa
771 831 945 879 aquam
964 815 1111 861 fertur
1127 814 1337 862 hausisse
1356 814 1469 865 :ubi
1490 815 1656 880 saepius
1679 816 1798 881 aspi-

310 951 313 954 ,
377 893 613 941 cientibus
638 893 921 940 miraculum
949 893 1126 939 illustre
1152 902 1457 950 monstratur,
1489 892 1540 940 id
1571 903 1641 940 est
1665 893 1798 941 stella

378 971 446 1021 ibi
482 973 676 1020 mundis
708 972 878 1032 corde,
914 987 1020 1036 quae
1052 972 1270 1037 apparuit
1301 972 1473 1035 magis,
1513 971 1793 1019 ostenditur.

380 1049 688 1098 Venientibus
709 1048 893 1097 devotis
917 1065 973 1097 ac
998 1048 1386 1096 recumbentibus
1403 1065 1545 1114 super
1567 1066 1621 1097 os
1638 1050 1795 1114 putei,

377 1128 656 1192 operiuntur
684 1127 832 1174 linteo
860 1127 1017 1192 capita
1045 1142 1237 1188 eorum3
1271 1137 1386 1173 tunc
1417 1127 1494 1174 ille
1528 1126 1661 1190 cujus
1691 1143 1799 1174 me-

378 1207 522 1253 ritum
547 1205 807 1253 obtinuerit
820 1242 833 1268 ,
869 1205 999 1253 videt
1030 1206 1214 1252 stellam
1243 1205 1304 1252 ab
1335 1221 1432 1252 uno
1461 1205 1639 1270 pariete
1669 1206 1800 1270 putei

379 1300 523 1348 super
543 1299 691 1348 aquas
708 1284 1030 1347 transmigrari
1051 1282 1115 1331 ad
1134 1283 1305 1345 alium,
1339 1283 1390 1329 in
1421 1282 1504 1329 illo
1530 1281 1679 1330 modo
1701 1299 1799 1346 quo

377 1361 532 1408 solent
552 1376 694 1425 super
716 1362 950 1409 coelorum
971 1362 1150 1409 circulo
1169 1361 1311 1408 stellae
1334 1359 1590 1409 transferri.
1613 1363 1801 1407 Etcum

379 1438 516 1485 multi
545 1438 802 1503 aspiciant,
843 1437 906 1485 ab
943 1439 1033 1485 illis
1067 1448 1254 1486 tantum
1282 1437 1486 1498 videtur,
1522 1436 1696 1501 quibus
1731 1446 1802 1484 est

379 1531 516 1563 mens
550 1516 726 1564 sanior.
766 1516 1033 1564 Nonnullos
1064 1515 1163 1563 vidi
1195 1516 1279 1580 qui
1312 1531 1419 1562 eam
1451 1513 1722 1562 asserebant
1752 1531 1801 1561 se

379 1594 568 1642 vidisse.
613 1597 777 1660 Nuper
813 1603 972 1641 autem
1004 1594 1239 1642 diaconus
1273 1604 1437 1641 noster
1472 1594 1629 1641 retulit
1668 1591 1801 1657 quod

381 1687 493 1720 cum
524 1672 737 1738 quinque
769 1673 882 1721 viris
912 1673 1116 1739 aspexit,
1153 1671 1237 1721 sed
1268 1671 1461 1720 duobus
1492 1681 1677 1720 tantum
1716 1686 1801 1737 ap·

381 1760 554 1814 parmt.

973 1872 1131 1909 CAPUT
1153 1873 1202 1908 II.

1164 1933 1181 1956 ἢ

557 1974 610 2007 De
627 1973 803 2008 miraculis
819 1973 967 2008 Domini
984 1982 1017 2008 et
1032 1973 1222 2023 Salvatog’s
1239 1973 1351 2009 nostri
1364 1974 1449 2009 Jesu
1464 1971 1608 2009 Christi.

447 2079 683 2133 Dominus
712 2079 853 2142 igitur
878 2089 1040 2128 noster
1067 2082 1199 2129 Jesus
1221 2080 1431 2128 Christus
1463 2079 1515 2128 in
1551 2079 1802 2146 adsumpta

381 2171 525 2203 carne
544 2155 606 2203 de
622 2157 815 2219 Virgine
825 2159 859 2219 ⁸,
880 2158 1030 2207 multa
1050 2158 1240 2223 populis
1255 2158 1484 2206 miracula
1498 2167 1568 2205 est
1584 2157 1802 2221 dignatus

383 2233 647 2281 ostendere.
677 2236 881 2282 Haustos
903 2236 1033 2283 enim
1054 2236 1215 2283 latices
1239 2235 1289 2282 in
1313 2236 1411 2282 vini
1440 2250 1659 2299 saporem
1689 2251 1802 2282 con-

381 2308 544 2369 vertit,
570 2325 806 2356 caecorum
831 2309 981 2356 oculis
1015 2309 1213 2374 depulsa
1235 2320 1377 2356 nocte
1401 2310 1563 2356 lumen
1599 2309 1796 2371 infudit,

379 2384 748 2447 paralyticorum
770 2400 952 2447 gressus
973 2383 1132 2432 ablata
1156 2384 1396 2431 debilitate
1419 2383 1611 2445 direxit,
1648 2377 1801 2431 febres

380 2462 710 2523 aegrotantium
725 2462 885 2525 fugato
900 2461 1069 2510 ardore
1087 2463 1315 2523 restinxit,
1336 2461 1655 2527 hydropicum
1671 2478 1801 2509 com-

379 2554 542 2602 presso
581 2548 768 2587 tumore
805 2540 987 2587 sanavit
1006 2577 1019 2601 ,
1055 2541 1236 2605 lepram
1269 2540 1508 2588 discedere
1545 2540 1666 2587 sacri
1705 2539 1800 2586 oris

379 2616 550 2663 virtute
605 2617 850 2665 mandavit
865 2655 878 2680 ,
938 2619 1185 2667 mulierem
1233 2619 1472 2667 daemonio
1523 2618 1798 2666 inclinatam

429 2858 485 2903 (1)
504 2857 794 2905 Hierusolymis,
815 2858 934 2895 2204.
947 2879 992 2885 -
1010 2859 1064 2905 (2)
1084 2861 1190 2897 Matt.
1212 2873 1244 2896 11
1257 2888 1268 2906 ,
1289 2860 1328 2897 2.
1343 2881 1394 2888 ——
1408 2861 1463 2906 (3)
1482 2862 1594 2896 Anno
1616 2859 1681 2896 30.
1711 2859 1796 2906 (R.)
