2002 3418
426 340 501 377 ¹08
827 344 893 380 DE
921 327 1105 381 GLom'A
1133 344 1429 381 MARTYRUM.

424 428 758 494 cupiditatibus
792 431 968 492 inhiat,
1006 431 1326 478 subdiaconus
1359 431 1576 495 quidam,
1612 432 1713 478 viso
1747 448 1831 496 per

425 506 674 554 fenestram
704 518 916 571 argento,
945 509 1118 571 cogitat
1135 509 1259 555 intra
1286 525 1334 555 se
1361 507 1493 572 quod
1519 517 1710 573 postero
1732 509 1827 568 die,

423 583 617 631 avaritia
629 585 914 649 impellente,
935 586 1204 650 complevit.
1221 588 1367 632 Nocte
1383 586 1512 632 enim
1522 601 1827 648 consurgens,

423 661 657 724 ingressus
690 672 758 708 est
790 661 1032 710 basilicam
1054 673 1328 710 sanctorum
1344 700 1356 723 ,
1389 662 1562 710 deinde
1591 679 1676 728 per
1704 662 1831 710 fene-

423 747 566 785 stram
588 739 858 802 ingrediens
876 740 1115 801 cellulam,
1139 751 1195 787 a‘c
1218 757 1303 805 per
1325 739 1658 787 obscuritatem
1682 740 1834 786 noctis

422 816 621 880 palpans
660 816 881 864 manibus
898 855 910 877 ,
950 818 1133 881 aliquos
1173 818 1233 865 de
1271 818 1423 864 urceis
1455 818 1581 882 capit
1614 835 1624 863 :
1660 815 1847 865 deindef

422 893 580 956 egredi
604 909 713 940 cum
736 894 895 958 praeda
917 896 1130 959 cupiens,
1153 912 1238 960 per
1264 905 1413 941 totam
1429 903 1617 940 noctem
1634 893 1834 940 circum-

423 971 523 1016 iens
539 1007 551 1029 ,
591 986 838 1032 nunquam
876 972 1031 1035 potuit
1061 972 1243 1019 aditum
1273 972 1400 1018 unde
1428 972 1660 1034 ingressus
1686 969 1835 1017 fuerat

422 1048 644 1111 reperire.
665 1050 790 1094 Dato
805 1063 920 1094 vero
935 1048 1030 1108 die,
1052 1049 1168 1096 dum
1183 1065 1330 1114 opera
1347 1038 1432 1096 su'a
1444 1048 1602 1111 obtegi
1618 1048 1835 1095 conscius

423 1124 608 1170 sceleris
629 1124 805 1183 voluit,
838 1124 972 1187 juxta
1004 1125 1121 1171 illud
1155 1126 1381 1172 dominici
1412 1125 1590 1173 oraculi
1625 1125 1831 1186 dictum,

422 1199 556 1262 quod
592 1202 747 1245 omnis
779 1201 863 1264 qai
893 1200 1019 1246 male
1039 1203 1143 1264 agit
1167 1200 1269 1247 odit
1293 1201 1443 1248 lucem
1475 1213 1531 1248 at
1556 1218 1652 1251 non
1682 1203 1835 1248 mani-

417 1279 654 1340 festentur
681 1294 828 1341 opera
850 1277 952 1341 ejas
967 1279 995 1338 ¹,
1030 1278 1284 1325 occultavit
1314 1295 1363 1324 se
1391 1279 1440 1325 in
1463 1278 1639 1341 angulo
1660 1278 1836 1324 cellulae

422 1364 521 1401 tota
546 1354 623 1400 die
638 1392 650 1414 ,
679 1370 741 1401 ne
762 1355 1016 1402 videretur.
1045 1356 1269 1419 Sequenti
1299 1372 1412 1402 vero
1442 1365 1600 1415 nocte,
1626 1355 1838 1419 quaesivit

424 1432 595 1478 iterum
619 1432 822 1490 aditum,
850 1433 933 1479 sed
952 1434 1156 1497 reperire
1176 1450 1275 1480 non
1297 1434 1468 1498 potuit.
1494 1433 1570 1480 Sic
1593 1449 1679 1497 per
1696 1433 1837 1479 trium

424 1511 635 1557 noctium
655 1512 888 1558 curricula
912 1511 1035 1558 fecit.
1052 1515 1087 1557 Τ
1088 1512 1204 1558 ertia
1223 1529 1335 1558 vero
1353 1511 1446 1572 die,
1469 1527 1578 1558 cum
1591 1511 1691 1573 jam
1715 1510 1837 1557 fame

423 1588 728 1649 cruciaretur,
760 1589 952 1635 accessit
979 1605 1140 1635 coram
1170 1590 1351 1653 populo
1385 1589 1447 1636 ad
1469 1589 1736 1647 fenestram,
1769 1597 1833 1646 et,

423 1665 587 1712 relicto
610 1675 824 1729 argento,
855 1667 1097 1714 confessus
1119 1677 1187 1713 est
1210 1683 1330 1731 opus
1348 1683 1504 1727 suum,
1533 1681 1836 1730 egressusque

423 1751 493 1789 est
532 1741 658 1790 foras
692 1760 800 1789 cum
836 1760 1008 1806 magna
1041 1744 1357 1804 verecundia,
1394 1760 1484 1790 nec
1518 1743 1653 1790 latuit
1688 1742 1838 1789 scelus

423 1819 555 1881 quod
574 1831 776 1882 gesserat
794 1821 983 1885 populis
1001 1822 1083 1884 qui
1110 1821 1320 1868 aderant.
1355 1823 1467 1867 Post
1496 1820 1697 1867 multum
1723 1835 1836 1865 vero

423 1897 667 1960 temporiS,
690 1913 981 1959 cognoscens
1010 1897 1105 1944 hoc
1138 1897 1312 1945 factum
1344 1900 1573 1944 Damasus
1585 1899 1616 1955 ²,
1647 1895 1838 1943 antistes

425 1984 595 2020 sanctae
630 1975 753 2021 sedis
783 1975 1081 2039 apostolicae,
1114 1976 1248 2038 jussit
1272 1974 1539 2037 diligentius
1570 1972 1743 2038 operiri
1773 1972 1838 2019 fe-

424 2061 630 2098 nestram
645 2089 657 2112 ,
692 2051 776 2098 ubi
802 2063 848 2099 et
873 2052 1084 2099 versibus
1108 2053 1350 2099 decoravit
1366 2052 1567 2098 locum⁵.
1595 2053 1652 2097 Et
1669 2049 1736 2097 ibi
1753 2049 1837 2096 be-

425 2129 662 2175 nedic-itur
691 2130 928 2176 Dominus
961 2140 1122 2176 noster
1142 2133 1273 2176 Jesus
1295 2129 1528 2189 Christus,
1559 2128 1621 2175 ad
1647 2126 1836 2175 laudem

424 2206 630 2252 nominis
655 2207 726 2253 sui
748 2223 898 2270 usque
921 2207 970 2253 in
992 2207 1280 2253 hodiernum
1298 2206 1443 2253 diem.

477 2406 532 2453 (1)
558 2407 740 2451 Joannes,
761 2406 839 2452 ΠΙ,
860 2406 926 2443 20.

478 2470 532 2515 (2)
551 2470 738 2506 Damasus
757 2467 1003 2520 apostolicam
1019 2467 1147 2505 sedem
1167 2467 1287 2506 tenuit
1305 2467 1354 2505 ab
1373 2458 1437 2505 ani
1460 2469 1536 2507 366
1555 2467 1684 2506 ad‘an.
1709 2468 1799 2506 384.

481 2532 534 2578 (3)
555 2533 635 2568 Hos
652 2543 787 2568 versus
803 2530 1024 2568 Ruinartius
1042 2529 1160 2567 edidit
1177 2529 1226 2567 ad
1242 2530 1386 2568 calcem
1410 2529 1497 2568 libri
1522 2530 1600 2578 sui3
1624 2530 1673 2567 de
1699 2527 1837 2581 quibus

425 2604 505 2628 non
525 2592 624 2630 ultra
642 2592 869 2631 curandum.
