2002 3418
423 339 500 376 too
892 332 1361 378 ECLAIRCISSEMENTS

421 425 546 475 niam,
573 439 649 478 que
676 426 915 480 conjugalem
945 427 1161 466 societatem
1192 427 1388 479 quondam
1419 428 1633 479 habuerat;
1660 430 1728 470 sed
1757 431 1828 471 de-

422 491 552 530 functo
573 491 711 530 marito
727 491 967 531 continenter
983 492 1140 543 vivens,
1164 494 1307 532 sororis
1323 493 1575 534 contubernio
1592 503 1630 534 et
1651 495 1832 535 doctrinis

421 557 461 596 in
481 557 621 597 divinis
638 557 803 597 cultibus
822 567 860 598 et
881 572 1094 611 pauperum
1113 558 1305 611 obsequiis
1323 572 1365 599 se
1380 559 1519 599 devote
1540 559 1776 600 subdiderat.

474 637 605 679 Lectio
628 641 698 678 m.
717 637 913 680 Vacabant
929 639 1058 692 itaque
1077 640 1189 679 ambe
1206 640 1362 690 jejuniis
1384 641 1570 695 etvigiliis
1583 649 1699 694 atque
1721 654 1831 681 sanc·

421 713 548 745 torum
580 704 754 745 locorum
785 705 1081 745 visitationibus.
1114 709 1195 746 Hec
1220 715 1258 745 et
1282 706 1358 744 illis
1388 715 1516 746 cetera
1541 706 1693 759 pietatis
1718 719 1835 759 opera

421 770 637 825 agentibus,
653 771 791 810 accidit
803 780 846 810 ut
858 772 1133 811 monachorum
1151 771 1419 825 religiosorum
1431 772 1650 812 fruerentur
1667 770 1835 811 adventu

421 839 489 891 qui
506 851 557 878 ex
576 838 894 879 Jerosolimitanis
911 838 1084 892 partibus
1102 839 1267 880 Scotiam
1288 851 1451 892 pergere
1472 837 1702 878 fatebantur.

477 907 608 948 Lectio
635 911 701 948 IV.
732 909 848 961 Apud
868 923 966 961 quos
998 923 1088 949 cum
1112 910 1242 949 triduo
1270 909 1566 950 demorarentur
1591 909 1641 950 de
1666 907 1838 961 reliquiis

423 974 542 1013 sancti
577 973 764 1012 Johannis
794 974 962 1027 Baptiste
990 971 1145 1015 volente
1177 976 1345 1015 Domino
1388 989 1476 1015 cum
1508 976 1583 1016 illis
1617 975 1839 1015 habuerunt

423 1038 658 1090 colloquium
693 1038 862 1078 dicentes
877 1051 967 1078 eum
985 1039 1216 1078 decollatum
1234 1040 1351 1080 fuisse
1365 1041 1469 1094 apud
1490 1041 1684 1094 quoddam
1698 1041 1839 1082 Arabie

424 1106 622 1145 castellum
649 1106 754 1159 quod
779 1109 1000 1146 Maceronta
1029 1106 1249 1146 nominatur
1270 1114 1309 1146 et
1330 1106 1372 1145 in
1396 1107 1549 1147 civitate
1574 1107 1746 1148 Samarie
1762 1120 1838 1160 que

423 1184 527 1212 nunc
545 1171 701 1213 Sebaste
717 1172 857 1212 dicitur
874 1171 1117 1212 reconditum
1135 1188 1148 1222 ;
1168 1180 1284 1225 caput
1311 1180 1440 1212 autem
1459 1171 1725 1212 Jerosolimam
1752 1184 1839 1224 per·

423 1237 543 1277 latum
568 1246 606 1277 et
627 1237 683 1277 ibi
704 1251 792 1278 cum
817 1238 986 1297 maximo
1001 1238 1151 1277 honore
1167 1237 1385 1277 humatum.

476 1312 608 1351 Lectio
631 1314 677 1351 V.
709 1314 800 1351 Post
820 1311 937 1365 longa
967 1311 1231 1351 decollationis
1251 1310 1334 1359 ejus
1360 1318 1533 1363 tempora
1553 1309 1604 1349 ab
1624 1310 1710 1363 ipso
1726 1323 1841 1351 reve-

423 1378 544 1418 latum
576 1377 728 1420 duobus
746 1379 947 1418 monachis
965 1378 1217 1418 orientalibus
1235 1377 1303 1431 qui
1320 1376 1504 1417 orationis
1521 1389 1636 1416 causa
1657 1385 1844 1417 venerant

424 1443 692 1483 Jerosolimam
710 1452 748 1483 et
765 1443 855 1482 inde
870 1443 920 1482 ad
932 1443 1102 1483 Edissem
1121 1443 1299 1484 Phenicis
1315 1443 1508 1483 civitatem
1525 1442 1728 1496 perlatum.
1748 1444 1843 1483 Ossa

425 1523 520 1550 vero
549 1511 631 1560 ejus
654 1519 786 1550 sancta
807 1510 916 1563 prius
935 1509 983 1549 de
1007 1510 1179 1550 Samaria
1197 1509 1465 1550 Jerosolimam
1487 1508 1669 1548 translata
1693 1517 1733 1548 et
1753 1508 1843 1548 inde

426 1576 475 1615 ad
504 1576 779 1616 Alexandriam
798 1576 1018 1616 transmissa
1032 1576 1100 1616 ubi
1117 1576 1278 1616 nuncin
1301 1575 1463 1615 ecclesia
1479 1587 1557 1628 que
1573 1575 1615 1614 in
1628 1574 1748 1627 ipsius
1769 1586 1843 1613 no-

427 1643 530 1682 mine
547 1651 604 1682 est
621 1652 841 1683 consecrata
867 1643 1063 1683 recondita
1080 1643 1285 1683 habentur.

478 1715 609 1754 Lectio
627 1718 692 1754 VI.
714 1716 826 1764 Quod
844 1715 976 1754 divina
993 1715 1233 1768 providentia
1251 1715 1429 1754 dicebant
1447 1728 1530 1754 esse
1546 1714 1687 1753 factum
1704 1723 1749 1753 ut
1768 1714 1843 1753 sci·

427 1780 516 1819 licet
535 1793 605 1831 per
619 1780 732 1832 plura
749 1781 834 1820 loca
852 1781 1059 1833 deportatis
1080 1781 1181 1820 beati
1205 1780 1383 1833 martyris
1393 1779 1566 1832 reliquiis
1587 1779 1699 1832 plura
1716 1779 1845 1819 virtu-

430 1855 510 1885 tum
529 1846 637 1898 signa
653 1855 740 1898 post
755 1846 836 1895 ejus
855 1846 1163 1896 decollationem,
1182 1846 1332 1886 Christo
1355 1845 1541 1899 largiente
1556 1874 1568 1894 ,
1591 1845 1655 1884 cui
1672 1844 1843 1884 testimo-

372 1935 378 1942 ·
427 1912 536 1951 nium
554 1912 749 1964 perhibuit
773 1912 959 1964 cujusque
980 1925 1096 1965 preco
1117 1913 1179 1952 vel
1205 1925 1410 1965 precursor
1437 1911 1583 1962 extitit,
1602 1924 1673 1964 per
1690 1923 1755 1950 eas
1773 1910 1844 1950 fie-

428 1985 515 2018 rent
530 1977 743 2017 manifesta.

482 2048 611 2088 Lectio
632 2051 718 2088 VII.
738 2051 928 2089 Instructa
946 2049 1070 2089 taliter
1089 2049 1162 2089 Dei
1183 2049 1326 2089 famula
1349 2063 1371 2089 a
1389 2048 1546 2102 prefatis
1558 2048 1651 2088 viris
1667 2047 1847 2088 abeunti-

430 2115 502 2154 bus
518 2114 594 2154 illis
620 2114 722 2167 cepit
734 2114 809 2154 iter
826 2128 939 2153 suum
958 2115 1031 2154 Dei
1051 2114 1194 2154 auxilio
1220 2127 1451 2167 preparare,
1479 2114 1593 2154 unius
1618 2122 1766 2153 tantum
1789 2114 1846 2152 fa-

432 2181 535 2220 mule
558 2180 739 2220 comitatu
763 2188 957 2222 contenta.
993 2183 1077 2231 Que
1105 2189 1307 2233 postquam
1333 2182 1498 2219 Romam
1527 2179 1703 2232 pervenit
1724 2178 1774 2218 ad
1797 2178 1846 2217 li-

432 2247 535 2285 mina
558 2246 662 2285 beati
680 2247 783 2286 Petri
800 2247 963 2299 apostoli
987 2260 1060 2299 per
1081 2247 1225 2299 aliquot
1247 2246 1326 2285 dies
1344 2254 1492 2285 morata
1509 2255 1567 2285 est
1583 2245 1736 2297 ibique,
1763 2247 1847 2284 Deo

433 2311 684 2365 disponente,
701 2312 850 2352 invenit
858 2313 988 2352 *socios
1006 2312 1154 2352 itineris
1172 2324 1279 2351 mare
1293 2311 1455 2350 transire
1473 2311 1684 2363 cupientes.

485 2383 615 2422 Lectio
629 2385 734 2422 VIII.
763 2384 815 2422 Iis
838 2384 957 2436 igitur
969 2385 1103 2434 juncta
1135 2383 1289 2436 navigio
1307 2382 1484 2435 pervenit
1494 2381 1544 2421 ad
1559 2381 1687 2421 locum
1702 2379 1770 2420 ubi
1786 2391 1848 2419 cc-

434 2449 547 2488 clesia
573 2457 655 2488 erat
672 2459 893 2489 consecrata
920 2451 960 2489 in
980 2450 1129 2490 honore
1153 2449 1273 2489 sancti
1292 2447 1477 2487 Johannis
1501 2448 1666 2500 Baptiste
1681 2477 1694 2496 ,
1711 2446 1753 2485 in
1771 2458 1848 2497 qua

435 2518 565 2568 pollex
587 2527 625 2557 et
645 2532 733 2571 pars
755 2519 962 2573 digitorum
979 2531 1115 2557 manus
1133 2516 1267 2556 dextre
1285 2523 1323 2555 et
1340 2514 1506 2567 quedam
1523 2512 1661 2567 prefati
1680 2511 1849 2565 Baptiste

435 2582 595 2635 reliquie
616 2584 811 2624 recondite
829 2585 998 2624 fuerunt.

488 2650 633 2703 Malgre
655 2660 736 2691 tant
754 2652 801 2691 de
825 2652 1084 2704 temoignagae
1099 2681 1110 2700 ,
1131 2650 1168 2688 le
1195 2649 1337 2688 silence
1354 2647 1472 2702 garde
1498 2661 1569 2700 par
1590 2644 1775 2703 Gregoire
1800 2643 1850 2684 de

437 2719 555 2755 Tours
577 2730 643 2756 sur
669 2718 706 2757 le
730 2732 822 2758 nom
850 2718 899 2757 de
929 2726 1028 2757 cette
1052 2717 1192 2756 femme
1216 2715 1283 2768 qui
1302 2715 1406 2754 avait
1438 2713 1655 2767 cependant
1675 2712 1774 2753 νόω
1800 2712 1849 2752 de

438 2794 506 2819 son
522 2790 661 2834 temps,
676 2782 775 2831 joint
792 2785 815 2822 a
833 2783 871 2822 la
887 2781 1107 2836 singularite
1124 2781 1177 2820 du
1195 2794 1286 2820 nom
1305 2792 1381 2832 que
1397 2779 1452 2818 lui
1470 2779 1599 2819 donne
1614 2778 1653 2818 la
1669 2776 1847 2832 legende,

438 2856 530 2899 peut
554 2847 649 2887 faire
673 2848 810 2888 douter
846 2850 986 2901 qu’elle
1019 2848 1204 2901 s’appelat
1227 2847 1451 2886 reellement
1477 2846 1602 2900 Tigre.
1629 2847 1681 2885 Ce
1707 2854 1797 2883 nom
1825 2853 1848 2882 a
