<?xml version="1.0" encoding="UTF-8"?>
<!DOCTYPE html PUBLIC "-//W3C//DTD XHTML 1.0 Transitional//EN"
    "http://www.w3.org/TR/xhtml1/DTD/xhtml1-transitional.dtd">
<html xmlns="http://www.w3.org/1999/xhtml" xml:lang="en" lang="en">
 <head>
  <title>
</title>
<meta http-equiv="Content-Type" content="text/html;charset=utf-8" />
  <meta name='ocr-system' content='tesseract 3.04.00' />
  <meta name='ocr-capabilities' content='ocr_page ocr_carea ocr_par ocr_line ocrx_word'/>
</head>
<body>
  <div class='ocr_page' id='page_1' title='image "./leslivresdesmira01greguoft_0248.png"; bbox 0 0 2002 3418; ppageno 0'>
   <div class='ocr_carea' id='block_1_1' title="bbox 362 321 1359 360">
    <p class='ocr_par' dir='ltr' id='par_1_1' title="bbox 362 321 1359 360">
     <span class='ocr_line' id='line_1_1' title="bbox 362 321 1359 360; baseline 0.002 -2"><span class='ocrx_word' id='word_1_1' title='bbox 362 322 437 358; x_wconf 78' lang='lat'>192</span> <span class='ocrx_word' id='word_1_2' title='bbox 757 323 823 358; x_wconf 88' lang='lat' dir='ltr'>DE</span> <span class='ocrx_word' id='word_1_3' title='bbox 850 321 1036 360; x_wconf 84' lang='lat' dir='ltr'><strong>GLORIA</strong></span> <span class='ocrx_word' id='word_1_4' title='bbox 1063 322 1359 360; x_wconf 78' lang='lat' dir='ltr'>MARTYRUM.</span> 
     </span>
    </p>
   </div>
   <div class='ocr_carea' id='block_1_2' title="bbox 357 407 1783 1251">
    <p class='ocr_par' dir='ltr' id='par_1_2' title="bbox 357 407 1783 1251">
     <span class='ocr_line' id='line_1_2' title="bbox 359 407 1774 476; baseline 0.004 -22"><span class='ocrx_word' id='word_1_5' title='bbox 359 407 500 456; x_wconf 87' lang='lat' dir='ltr'>fuisse</span> <span class='ocrx_word' id='word_1_6' title='bbox 531 409 806 469; x_wconf 88' lang='lat' dir='ltr'>mulierem,</span> <span class='ocrx_word' id='word_1_7' title='bbox 843 411 922 459; x_wconf 92' lang='lat' dir='ltr'>cui</span> <span class='ocrx_word' id='word_1_8' title='bbox 955 427 985 459; x_wconf 86' lang='lat' dir='ltr'>a</span> <span class='ocrx_word' id='word_1_9' title='bbox 1017 411 1121 458; x_wconf 87' lang='lat' dir='ltr'>viro</span> <span class='ocrx_word' id='word_1_10' title='bbox 1155 411 1336 458; x_wconf 87' lang='lat' dir='ltr'>crimen</span> <span class='ocrx_word' id='word_1_11' title='bbox 1366 411 1655 476; x_wconf 89' lang='lat' dir='ltr'>impactum,</span> <span class='ocrx_word' id='word_1_12' title='bbox 1686 430 1774 460; x_wconf 90' lang='lat' dir='ltr'>nec</span> 
     </span>
     <span class='ocr_line' id='line_1_3' title="bbox 359 485 1777 553; baseline 0.003 -21"><span class='ocrx_word' id='word_1_13' title='bbox 359 486 558 533; x_wconf 92' lang='lat' dir='ltr'>omnino</span> <span class='ocrx_word' id='word_1_14' title='bbox 579 485 867 551; x_wconf 90' lang='lat' dir='ltr'>probatum,</span> <span class='ocrx_word' id='word_1_15' title='bbox 892 503 922 536; x_wconf 86' lang='lat' dir='ltr'>a</span> <span class='ocrx_word' id='word_1_16' title='bbox 951 487 1113 553; x_wconf 78' lang='lat' dir='ltr'>Judice</span> <span class='ocrx_word' id='word_1_17' title='bbox 1155 498 1207 535; x_wconf 89' lang='lat' dir='ltr'>ut</span> <span class='ocrx_word' id='word_1_18' title='bbox 1245 488 1381 552; x_wconf 87' lang='lat' dir='ltr'>aquis</span> <span class='ocrx_word' id='word_1_19' title='bbox 1420 488 1777 551; x_wconf 85' lang='lat' dir='ltr'><strong>immergeretur</strong></span> 
     </span>
     <span class='ocr_line' id='line_1_4' title="bbox 359 562 1778 630; baseline 0.004 -21"><span class='ocrx_word' id='word_1_20' title='bbox 359 562 616 626; x_wconf 84' lang='lat' dir='ltr'>dijudicata</span> <span class='ocrx_word' id='word_1_21' title='bbox 657 574 741 611; x_wconf 89' lang='lat' dir='ltr'>est.</span> <span class='ocrx_word' id='word_1_22' title='bbox 781 565 889 628; x_wconf 60' lang='lat' dir='ltr'>Cui2</span> <span class='ocrx_word' id='word_1_23' title='bbox 926 581 1038 612; x_wconf 90' lang='lat' dir='ltr'>cum</span> <span class='ocrx_word' id='word_1_24' title='bbox 1066 565 1129 613; x_wconf 89' lang='lat' dir='ltr'>ad</span> <span class='ocrx_word' id='word_1_25' title='bbox 1152 565 1330 613; x_wconf 91' lang='lat' dir='ltr'>collum</span> <span class='ocrx_word' id='word_1_26' title='bbox 1367 565 1486 630; x_wconf 89' lang='lat' dir='ltr'>lapis</span> <span class='ocrx_word' id='word_1_27' title='bbox 1519 566 1778 614; x_wconf 86' lang='lat' dir='ltr'>immensus</span> 
     </span>
     <span class='ocr_line' id='line_1_5' title="bbox 359 638 1779 707; baseline 0.003 -21"><span class='ocrx_word' id='word_1_28' title='bbox 359 638 553 688; x_wconf 70' lang='lat' dir='ltr'>fiinibus</span> <span class='ocrx_word' id='word_1_29' title='bbox 577 642 824 705; x_wconf 86' lang='lat' dir='ltr'>colligatus</span> <span class='ocrx_word' id='word_1_30' title='bbox 845 642 1033 704; x_wconf 80' lang='lat' dir='ltr'>fuisset,</span> <span class='ocrx_word' id='word_1_31' title='bbox 1059 644 1110 690; x_wconf 93' lang='lat' dir='ltr'>in</span> <span class='ocrx_word' id='word_1_32' title='bbox 1133 643 1422 691; x_wconf 81' lang='lat' dir='ltr'>Rhodanum</span> <span class='ocrx_word' id='word_1_33' title='bbox 1446 642 1507 689; x_wconf 92' lang='lat' dir='ltr'>de</span> <span class='ocrx_word' id='word_1_34' title='bbox 1532 643 1642 690; x_wconf 87' lang='lat' dir='ltr'>navi</span> <span class='ocrx_word' id='word_1_35' title='bbox 1662 660 1779 707; x_wconf 88' lang='lat' dir='ltr'>prae·</span> 
     </span>
     <span class='ocr_line' id='line_1_6' title="bbox 359 717 1779 786; baseline 0.003 -22"><span class='ocrx_word' id='word_1_36' title='bbox 359 717 550 782; x_wconf 83' lang='lat' dir='ltr'>cipitata</span> <span class='ocrx_word' id='word_1_37' title='bbox 565 729 650 766; x_wconf 90' lang='lat' dir='ltr'>est.</span> <span class='ocrx_word' id='word_1_38' title='bbox 677 720 761 767; x_wconf 93' lang='lat' dir='ltr'>Illa</span> <span class='ocrx_word' id='word_1_39' title='bbox 783 737 897 768; x_wconf 84' lang='lat' dir='ltr'><strong>vero</strong></span> <span class='ocrx_word' id='word_1_40' title='bbox 920 720 1047 768; x_wconf 85' lang='lat' dir='ltr'>beati</span> <span class='ocrx_word' id='word_1_41' title='bbox 1068 722 1286 785; x_wconf 83' lang='lat' dir='ltr'>martyris</span> <span class='ocrx_word' id='word_1_42' title='bbox 1303 721 1533 768; x_wconf 87' lang='lat' dir='ltr'>auxilium</span> <span class='ocrx_word' id='word_1_43' title='bbox 1551 721 1779 786; x_wconf 85' lang='lat' dir='ltr'>precaba-</span> 
     </span>
     <span class='ocr_line' id='line_1_7' title="bbox 357 797 1775 860; baseline 0.005 -21"><span class='ocrx_word' id='word_1_44' title='bbox 357 802 451 856; x_wconf 87' lang='lat' dir='ltr'>tur,</span> <span class='ocrx_word' id='word_1_45' title='bbox 476 804 523 842; x_wconf 89' lang='lat' dir='ltr'>et</span> <span class='ocrx_word' id='word_1_46' title='bbox 544 812 720 843; x_wconf 90' lang='lat' dir='ltr'>nomen</span> <span class='ocrx_word' id='word_1_47' title='bbox 744 797 844 860; x_wconf 89' lang='lat' dir='ltr'>ejus</span> <span class='ocrx_word' id='word_1_48' title='bbox 864 798 1096 845; x_wconf 88' lang='lat' dir='ltr'>invocans</span> <span class='ocrx_word' id='word_1_49' title='bbox 1121 798 1305 846; x_wconf 83' lang='lat' dir='ltr'>aiebat:</span> <span class='ocrx_word' id='word_1_50' title='bbox 1337 818 1359 844; x_wconf 79' lang='grc' dir='ltr'>α</span> <span class='ocrx_word' id='word_1_51' title='bbox 1379 801 1548 846; x_wconf 85' lang='lat' dir='ltr'><strong>Sancte</strong></span> <span class='ocrx_word' id='word_1_52' title='bbox 1574 800 1775 859; x_wconf 90' lang='lat' dir='ltr'>Genesi,</span> 
     </span>
     <span class='ocr_line' id='line_1_8' title="bbox 360 872 1780 941; baseline 0.004 -22"><span class='ocrx_word' id='word_1_53' title='bbox 360 872 563 934; x_wconf 84' lang='lat' dir='ltr'><strong>gloriose</strong></span> <span class='ocrx_word' id='word_1_54' title='bbox 588 885 783 938; x_wconf 80' lang='lat' dir='ltr'><strong>martyr,</strong></span> <span class='ocrx_word' id='word_1_55' title='bbox 816 877 899 939; x_wconf 89' lang='lat' dir='ltr'>qui</span> <span class='ocrx_word' id='word_1_56' title='bbox 929 876 1016 923; x_wconf 90' lang='lat' dir='ltr'>has</span> <span class='ocrx_word' id='word_1_57' title='bbox 1044 892 1192 940; x_wconf 89' lang='lat' dir='ltr'>aquas</span> <span class='ocrx_word' id='word_1_58' title='bbox 1216 877 1412 924; x_wconf 89' lang='lat' dir='ltr'>natandi</span> <span class='ocrx_word' id='word_1_59' title='bbox 1440 876 1581 941; x_wconf 91' lang='lat' dir='ltr'>pulsu</span> <span class='ocrx_word' id='word_1_60' title='bbox 1609 878 1780 924; x_wconf 87' lang='lat' dir='ltr'>sancti·</span> 
     </span>
     <span class='ocr_line' id='line_1_9' title="bbox 360 948 1781 1015; baseline 0.004 -19"><span class='ocrx_word' id='word_1_61' title='bbox 360 948 526 1011; x_wconf 85' lang='lat' dir='ltr'>ficasti,</span> <span class='ocrx_word' id='word_1_62' title='bbox 553 968 665 998; x_wconf 90' lang='lat' dir='ltr'>erue</span> <span class='ocrx_word' id='word_1_63' title='bbox 689 968 768 998; x_wconf 92' lang='lat' dir='ltr'>me</span> <span class='ocrx_word' id='word_1_64' title='bbox 783 953 917 1015; x_wconf 85' lang='lat' dir='ltr'>juxta</span> <span class='ocrx_word' id='word_1_65' title='bbox 939 954 1264 1001; x_wconf 86' lang='lat' dir='ltr'>innocentiam</span> <span class='ocrx_word' id='word_1_66' title='bbox 1286 970 1444 1000; x_wconf 90' lang='lat' dir='ltr'>meam</span> <span class='ocrx_word' id='word_1_67' title='bbox 1467 971 1478 1000; x_wconf 91' lang='lat'>:</span> <span class='ocrx_word' id='word_1_68' title='bbox 1509 972 1533 999; x_wconf 89' lang='lat'>»</span> <span class='ocrx_word' id='word_1_69' title='bbox 1557 964 1604 1002; x_wconf 91' lang='lat' dir='ltr'>et</span> <span class='ocrx_word' id='word_1_70' title='bbox 1625 955 1781 1002; x_wconf 90' lang='lat' dir='ltr'>statim</span> 
     </span>
     <span class='ocr_line' id='line_1_10' title="bbox 360 1028 1782 1098; baseline 0.003 -24"><span class='ocrx_word' id='word_1_71' title='bbox 360 1043 503 1091; x_wconf 89' lang='lat' dir='ltr'>super</span> <span class='ocrx_word' id='word_1_72' title='bbox 532 1044 680 1092; x_wconf 85' lang='lat' dir='ltr'>aquas</span> <span class='ocrx_word' id='word_1_73' title='bbox 699 1028 810 1076; x_wconf 88' lang='lat' dir='ltr'>ferri</span> <span class='ocrx_word' id='word_1_74' title='bbox 829 1031 988 1094; x_wconf 87' lang='lat' dir='ltr'>coepit.</span> <span class='ocrx_word' id='word_1_75' title='bbox 1017 1030 1162 1089; x_wconf 88' lang='lat' dir='ltr'>Quod</span> <span class='ocrx_word' id='word_1_76' title='bbox 1186 1031 1402 1079; x_wconf 86' lang='lat' dir='ltr'>videntes</span> <span class='ocrx_word' id='word_1_77' title='bbox 1420 1031 1603 1098; x_wconf 91' lang='lat' dir='ltr'>populi,</span> <span class='ocrx_word' id='word_1_78' title='bbox 1629 1048 1782 1078; x_wconf 88' lang='lat' dir='ltr'>susce-</span> 
     </span>
     <span class='ocr_line' id='line_1_11' title="bbox 360 1106 1783 1168; baseline 0.006 -19"><span class='ocrx_word' id='word_1_79' title='bbox 360 1115 533 1168; x_wconf 90' lang='lat' dir='ltr'>perunt</span> <span class='ocrx_word' id='word_1_80' title='bbox 549 1121 656 1153; x_wconf 89' lang='lat' dir='ltr'>eam</span> <span class='ocrx_word' id='word_1_81' title='bbox 677 1106 728 1152; x_wconf 91' lang='lat' dir='ltr'>in</span> <span class='ocrx_word' id='word_1_82' title='bbox 752 1107 882 1165; x_wconf 84' lang='lat' dir='ltr'>navi,</span> <span class='ocrx_word' id='word_1_83' title='bbox 905 1117 952 1154; x_wconf 90' lang='lat' dir='ltr'>et</span> <span class='ocrx_word' id='word_1_84' title='bbox 969 1106 1032 1154; x_wconf 88' lang='lat' dir='ltr'>ad</span> <span class='ocrx_word' id='word_1_85' title='bbox 1047 1106 1296 1156; x_wconf 87' lang='lat' dir='ltr'>basilicam</span> <span class='ocrx_word' id='word_1_86' title='bbox 1319 1109 1468 1156; x_wconf 88' lang='lat' dir='ltr'>sancti</span> <span class='ocrx_word' id='word_1_87' title='bbox 1485 1109 1783 1157; x_wconf 84' lang='lat' dir='ltr'>deduxerunt</span> 
     </span>
     <span class='ocr_line' id='line_1_12' title="bbox 362 1181 1777 1251; baseline 0.004 -24"><span class='ocrx_word' id='word_1_88' title='bbox 362 1181 674 1232; x_wconf 84' lang='lat' dir='ltr'>incolumem:</span> <span class='ocrx_word' id='word_1_89' title='bbox 689 1199 781 1233; x_wconf 85' lang='lat' dir='ltr'>nec</span> <span class='ocrx_word' id='word_1_90' title='bbox 800 1183 996 1244; x_wconf 85' lang='lat' dir='ltr'>ulterius</span> <span class='ocrx_word' id='word_1_91' title='bbox 1018 1200 1047 1232; x_wconf 90' lang='lat' dir='ltr'>a</span> <span class='ocrx_word' id='word_1_92' title='bbox 1064 1185 1168 1233; x_wconf 83' lang='lat' dir='ltr'>viro</span> <span class='ocrx_word' id='word_1_93' title='bbox 1181 1185 1292 1233; x_wconf 84' lang='lat' dir='ltr'>vela</span> <span class='ocrx_word' id='word_1_94' title='bbox 1297 1185 1458 1249; x_wconf 82' lang='lat' dir='ltr'>judice</span> <span class='ocrx_word' id='word_1_95' title='bbox 1477 1194 1550 1234; x_wconf 88' lang='lat' dir='ltr'>est</span> <span class='ocrx_word' id='word_1_96' title='bbox 1568 1186 1777 1251; x_wconf 86' lang='lat' dir='ltr'>quaesita.</span> 
     </span>
    </p>
   </div>
   <div class='ocr_carea' id='block_1_3' title="bbox 890 1339 1269 1377">
    <p class='ocr_par' dir='ltr' id='par_1_3' title="bbox 890 1339 1269 1377">
     <span class='ocr_line' id='line_1_13' title="bbox 890 1339 1269 1377; baseline 0.005 -2"><span class='ocrx_word' id='word_1_97' title='bbox 890 1339 1130 1376; x_wconf 88' lang='lat' dir='ltr'><strong>CHAPITRE</strong></span> <span class='ocrx_word' id='word_1_98' title='bbox 1154 1339 1269 1377; x_wconf 84' lang='lat' dir='ltr'><strong>Lxx.</strong></span> 
     </span>
    </p>
   </div>
   <div class='ocr_carea' id='block_1_4' title="bbox 512 1424 1631 1483">
    <p class='ocr_par' dir='ltr' id='par_1_4' title="bbox 512 1424 1631 1483">
     <span class='ocr_line' id='line_1_14' title="bbox 512 1424 1631 1483; baseline 0.003 -17"><span class='ocrx_word' id='word_1_99' title='bbox 512 1431 564 1466; x_wconf 88' lang='lat' dir='ltr'>De</span> <span class='ocrx_word' id='word_1_100' title='bbox 581 1431 736 1479; x_wconf 84' lang='lat' dir='ltr'>quadam</span> <span class='ocrx_word' id='word_1_101' title='bbox 756 1433 904 1469; x_wconf 80' lang='lat' dir='ltr'>muliere</span> <span class='ocrx_word' id='word_1_102' title='bbox 920 1433 1049 1481; x_wconf 83' lang='lat' dir='ltr'>injuste</span> <span class='ocrx_word' id='word_1_103' title='bbox 1065 1424 1087 1469; x_wconf 78' lang='lat' dir='ltr'>a</span> <span class='ocrx_word' id='word_1_104' title='bbox 1106 1433 1232 1470; x_wconf 88' lang='lat' dir='ltr'>marito</span> <span class='ocrx_word' id='word_1_105' title='bbox 1247 1432 1414 1469; x_wconf 82' lang='lat' dir='ltr'>adulterii</span> <span class='ocrx_word' id='word_1_106' title='bbox 1428 1442 1591 1483; x_wconf 74' lang='lat' dir='ltr'>accusata</span> <span class='ocrx_word' id='word_1_107' title='bbox 1603 1435 1631 1469; x_wconf 87' lang='lat'>¹.</span> 
     </span>
    </p>
   </div>
   <div class='ocr_carea' id='block_1_5' title="bbox 326 1520 1788 2678">
    <p class='ocr_par' dir='ltr' id='par_1_5' title="bbox 326 1520 1788 2678">
     <span class='ocr_line' id='line_1_15' title="bbox 430 1520 1783 1596; baseline 0.004 -21"><span class='ocrx_word' id='word_1_108' title='bbox 430 1531 472 1575; x_wconf 95' lang='grc' dir='ltr'>Ο</span> <span class='ocrx_word' id='word_1_109' title='bbox 516 1539 749 1593; x_wconf 90' lang='lat' dir='ltr'>quantum</span> <span class='ocrx_word' id='word_1_110' title='bbox 795 1531 1071 1578; x_wconf 88' lang='lat' dir='ltr'>innocentia</span> <span class='ocrx_word' id='word_1_111' title='bbox 1112 1541 1301 1596; x_wconf 87' lang='lat' dir='ltr'>praestat</span> <span class='ocrx_word' id='word_1_112' title='bbox 1314 1567 1327 1589; x_wconf 93' lang='lat'><strong>,</strong></span> <span class='ocrx_word' id='word_1_113' title='bbox 1370 1520 1604 1595; x_wconf 76' lang='lat' dir='ltr'>quantum</span> <span class='ocrx_word' id='word_1_114' title='bbox 1649 1548 1783 1580; x_wconf 90' lang='lat' dir='ltr'>mens</span> 
     </span>
     <span class='ocr_line' id='line_1_16' title="bbox 363 1603 1783 1669; baseline 0.004 -18"><span class='ocrx_word' id='word_1_115' title='bbox 363 1621 484 1669; x_wconf 90' lang='lat' dir='ltr'>pura</span> <span class='ocrx_word' id='word_1_116' title='bbox 521 1605 753 1653; x_wconf 88' lang='lat' dir='ltr'>meretur!</span> <span class='ocrx_word' id='word_1_117' title='bbox 795 1609 915 1654; x_wconf 87' lang='lat' dir='ltr'>Nam</span> <span class='ocrx_word' id='word_1_118' title='bbox 947 1607 1086 1653; x_wconf 89' lang='lat' dir='ltr'>simili</span> <span class='ocrx_word' id='word_1_119' title='bbox 1127 1603 1253 1654; x_wconf 84' lang='lat' dir='ltr'><strong>sorte</strong></span> <span class='ocrx_word' id='word_1_120' title='bbox 1290 1607 1383 1654; x_wconf 90' lang='lat' dir='ltr'>alia</span> <span class='ocrx_word' id='word_1_121' title='bbox 1414 1607 1585 1667; x_wconf 91' lang='lat' dir='ltr'>mulier</span> <span class='ocrx_word' id='word_1_122' title='bbox 1616 1624 1645 1656; x_wconf 90' lang='lat' dir='ltr'>a</span> <span class='ocrx_word' id='word_1_123' title='bbox 1679 1610 1783 1657; x_wconf 86' lang='lat' dir='ltr'>viro</span> 
     </span>
     <span class='ocr_line' id='line_1_17' title="bbox 364 1683 1783 1749; baseline 0.003 -19"><span class='ocrx_word' id='word_1_124' title='bbox 364 1699 451 1730; x_wconf 92' lang='lat' dir='ltr'>suo</span> <span class='ocrx_word' id='word_1_125' title='bbox 477 1683 693 1730; x_wconf 86' lang='lat' dir='ltr'>adulterii</span> <span class='ocrx_word' id='word_1_126' title='bbox 716 1684 895 1731; x_wconf 89' lang='lat' dir='ltr'>crimen</span> <span class='ocrx_word' id='word_1_127' title='bbox 927 1685 1125 1749; x_wconf 88' lang='lat' dir='ltr'>accepit.</span> <span class='ocrx_word' id='word_1_128' title='bbox 1147 1685 1291 1743; x_wconf 90' lang='lat' dir='ltr'>Quod</span> <span class='ocrx_word' id='word_1_129' title='bbox 1318 1701 1481 1732; x_wconf 90' lang='lat' dir='ltr'>coram</span> <span class='ocrx_word' id='word_1_130' title='bbox 1496 1686 1658 1749; x_wconf 89' lang='lat' dir='ltr'>judice</span> <span class='ocrx_word' id='word_1_131' title='bbox 1677 1687 1783 1734; x_wconf 88' lang='lat' dir='ltr'>diu-</span> 
     </span>
     <span class='ocr_line' id='line_1_18' title="bbox 364 1761 1784 1828; baseline 0.003 -21"><span class='ocrx_word' id='word_1_132' title='bbox 364 1761 541 1808; x_wconf 88' lang='lat' dir='ltr'>tissime</span> <span class='ocrx_word' id='word_1_133' title='bbox 582 1761 820 1824; x_wconf 88' lang='lat' dir='ltr'>denegans</span> <span class='ocrx_word' id='word_1_134' title='bbox 834 1795 846 1817; x_wconf 93' lang='lat'><strong><em>‚</em></strong></span> <span class='ocrx_word' id='word_1_135' title='bbox 881 1778 992 1808; x_wconf 89' lang='lat' dir='ltr'>cum</span> <span class='ocrx_word' id='word_1_136' title='bbox 1027 1763 1220 1827; x_wconf 89' lang='lat' dir='ltr'>propria</span> <span class='ocrx_word' id='word_1_137' title='bbox 1249 1763 1546 1810; x_wconf 86' lang='lat' dir='ltr'>confessione</span> <span class='ocrx_word' id='word_1_138' title='bbox 1574 1765 1784 1828; x_wconf 86' lang='lat' dir='ltr'>superari</span> 
     </span>
     <span class='ocr_line' id='line_1_19' title="bbox 366 1839 1784 1903; baseline 0.004 -20"><span class='ocrx_word' id='word_1_139' title='bbox 366 1854 464 1884; x_wconf 90' lang='lat' dir='ltr'>non</span> <span class='ocrx_word' id='word_1_140' title='bbox 487 1849 663 1903; x_wconf 89' lang='lat' dir='ltr'>posset,</span> <span class='ocrx_word' id='word_1_141' title='bbox 688 1839 972 1902; x_wconf 85' lang='lat' dir='ltr'>dijudicatur</span> <span class='ocrx_word' id='word_1_142' title='bbox 1000 1839 1233 1903; x_wconf 85' lang='lat' dir='ltr'>immergi.</span> <span class='ocrx_word' id='word_1_143' title='bbox 1264 1840 1451 1887; x_wconf 92' lang='lat' dir='ltr'>Dehinc</span> <span class='ocrx_word' id='word_1_144' title='bbox 1472 1851 1784 1888; x_wconf 88' lang='lat' dir='ltr'>concurrente</span> 
     </span>
     <span class='ocr_line' id='line_1_20' title="bbox 367 1915 1786 1981; baseline 0.002 -19"><span class='ocrx_word' id='word_1_145' title='bbox 367 1915 428 1962; x_wconf 86' lang='lat' dir='ltr'>ad</span> <span class='ocrx_word' id='word_1_146' title='bbox 458 1916 780 1980; x_wconf 84' lang='lat' dir='ltr'>spectaculum</span> <span class='ocrx_word' id='word_1_147' title='bbox 814 1916 996 1981; x_wconf 92' lang='lat' dir='ltr'>populo</span> <span class='ocrx_word' id='word_1_148' title='bbox 1014 1952 1026 1974; x_wconf 89' lang='lat'>‚</span> <span class='ocrx_word' id='word_1_149' title='bbox 1071 1917 1133 1963; x_wconf 86' lang='lat' dir='ltr'>ad</span> <span class='ocrx_word' id='word_1_150' title='bbox 1171 1927 1370 1981; x_wconf 91' lang='lat' dir='ltr'>pontem</span> <span class='ocrx_word' id='word_1_151' title='bbox 1406 1917 1594 1964; x_wconf 90' lang='lat' dir='ltr'>ducitur</span> <span class='ocrx_word' id='word_1_152' title='bbox 1633 1919 1786 1965; x_wconf 80' lang='lat' dir='ltr'>amnis</span> 
     </span>
     <span class='ocr_line' id='line_1_21' title="bbox 366 1993 1785 2059; baseline 0.003 -20"><span class='ocrx_word' id='word_1_153' title='bbox 366 1994 538 2040; x_wconf 88' lang='lat' dir='ltr'>Ararici</span> <span class='ocrx_word' id='word_1_154' title='bbox 556 2031 568 2054; x_wconf 90' lang='lat'>‚</span> <span class='ocrx_word' id='word_1_155' title='bbox 612 2010 926 2057; x_wconf 87' lang='lat' dir='ltr'>connexoque</span> <span class='ocrx_word' id='word_1_156' title='bbox 961 2011 1073 2040; x_wconf 88' lang='lat' dir='ltr'>cum</span> <span class='ocrx_word' id='word_1_157' title='bbox 1108 1994 1221 2041; x_wconf 87' lang='lat' dir='ltr'>fune</span> <span class='ocrx_word' id='word_1_158' title='bbox 1260 1993 1418 2059; x_wconf 88' lang='lat' dir='ltr'>lapide</span> <span class='ocrx_word' id='word_1_159' title='bbox 1454 1994 1623 2042; x_wconf 83' lang='lat' dir='ltr'>molari</span> <span class='ocrx_word' id='word_1_160' title='bbox 1661 1995 1785 2043; x_wconf 84' lang='lat' dir='ltr'>collo</span> 
     </span>
     <span class='ocr_line' id='line_1_22' title="bbox 367 2071 1785 2156; baseline 0.002 -39"><span class='ocrx_word' id='word_1_161' title='bbox 367 2071 484 2134; x_wconf 89' lang='lat' dir='ltr'>ejus,</span> <span class='ocrx_word' id='word_1_162' title='bbox 506 2071 918 2155; x_wconf 78' lang='lat' dir='ltr'>praecipitaverunt</span> <span class='ocrx_word' id='word_1_163' title='bbox 937 2088 1043 2118; x_wconf 86' lang='lat' dir='ltr'>eam</span> <span class='ocrx_word' id='word_1_164' title='bbox 1061 2072 1109 2117; x_wconf 92' lang='lat' dir='ltr'>in</span> <span class='ocrx_word' id='word_1_165' title='bbox 1130 2071 1328 2130; x_wconf 85' lang='lat' dir='ltr'>flumen,</span> <span class='ocrx_word' id='word_1_166' title='bbox 1349 2072 1622 2156; x_wconf 84' lang='lat' dir='ltr'>increpante</span> <span class='ocrx_word' id='word_1_167' title='bbox 1645 2072 1785 2120; x_wconf 90' lang='lat' dir='ltr'>desu-</span> 
     </span>
     <span class='ocr_line' id='line_1_23' title="bbox 326 2145 1786 2210; baseline 0.002 -18"><span class='ocrx_word' id='word_1_168' title='bbox 326 2206 329 2209; x_wconf 15' lang='grc' dir='ltr'><strong><em>γ</em></strong></span> <span class='ocrx_word' id='word_1_169' title='bbox 367 2163 453 2210; x_wconf 87' lang='lat' dir='ltr'>per</span> <span class='ocrx_word' id='word_1_170' title='bbox 474 2147 577 2192; x_wconf 85' lang='lat' dir='ltr'>viro</span> <span class='ocrx_word' id='word_1_171' title='bbox 601 2156 744 2210; x_wconf 88' lang='lat' dir='ltr'>atque</span> <span class='ocrx_word' id='word_1_172' title='bbox 772 2147 992 2194; x_wconf 89' lang='lat' dir='ltr'>dicente.</span> <span class='ocrx_word' id='word_1_173' title='bbox 1022 2145 1211 2193; x_wconf 85' lang='lat' dir='ltr'>«Ablue</span> <span class='ocrx_word' id='word_1_174' title='bbox 1234 2163 1364 2193; x_wconf 89' lang='lat' dir='ltr'>nunc</span> <span class='ocrx_word' id='word_1_175' title='bbox 1386 2147 1520 2210; x_wconf 88' lang='lat' dir='ltr'>aquis</span> <span class='ocrx_word' id='word_1_176' title='bbox 1537 2146 1786 2195; x_wconf 86' lang='lat' dir='ltr'>abundan-</span> 
     </span>
     <span class='ocr_line' id='line_1_24' title="bbox 367 2224 1786 2307; baseline 0.001 -37"><span class='ocrx_word' id='word_1_177' title='bbox 367 2224 494 2272; x_wconf 91' lang='lat' dir='ltr'>tibus</span> <span class='ocrx_word' id='word_1_178' title='bbox 516 2224 853 2272; x_wconf 89' lang='lat' dir='ltr'>fornicationes</span> <span class='ocrx_word' id='word_1_179' title='bbox 882 2225 1300 2288; x_wconf 89' lang='lat' dir='ltr'>immunditiasque</span> <span class='ocrx_word' id='word_1_180' title='bbox 1327 2235 1448 2283; x_wconf 89' lang='lat' dir='ltr'>tuas,</span> <span class='ocrx_word' id='word_1_181' title='bbox 1471 2224 1645 2289; x_wconf 88' lang='lat' dir='ltr'>quibus</span> <span class='ocrx_word' id='word_1_182' title='bbox 1665 2242 1786 2307; x_wconf 79' lang='lat' dir='ltr'>saepe</span> 
     </span>
     <span class='ocr_line' id='line_1_25' title="bbox 368 2301 1788 2389; baseline -0.001 -41"><span class='ocrx_word' id='word_1_183' title='bbox 368 2302 614 2349; x_wconf 89' lang='lat' dir='ltr'>maculasti</span> <span class='ocrx_word' id='word_1_184' title='bbox 649 2312 845 2348; x_wconf 88' lang='lat' dir='ltr'>stratum</span> <span class='ocrx_word' id='word_1_185' title='bbox 879 2318 1107 2348; x_wconf 86' lang='lat' dir='ltr'>meum.»</span> <span class='ocrx_word' id='word_1_186' title='bbox 1139 2301 1232 2348; x_wconf 92' lang='lat' dir='ltr'>Sed</span> <span class='ocrx_word' id='word_1_187' title='bbox 1262 2302 1454 2347; x_wconf 91' lang='lat' dir='ltr'>Domini</span> <span class='ocrx_word' id='word_1_188' title='bbox 1485 2302 1633 2365; x_wconf 91' lang='lat' dir='ltr'>pietas</span> <span class='ocrx_word' id='word_1_189' title='bbox 1648 2334 1663 2361; x_wconf 92' lang='lat'>,</span> <span class='ocrx_word' id='word_1_190' title='bbox 1683 2304 1788 2389; x_wconf 73' lang='lat' dir='ltr'>quae</span> 
     </span>
     <span class='ocr_line' id='line_1_26' title="bbox 370 2377 1782 2443; baseline 0.001 -19"><span class='ocrx_word' id='word_1_191' title='bbox 370 2379 581 2426; x_wconf 89' lang='lat' dir='ltr'>insontes</span> <span class='ocrx_word' id='word_1_192' title='bbox 597 2379 752 2443; x_wconf 90' lang='lat' dir='ltr'>perire</span> <span class='ocrx_word' id='word_1_193' title='bbox 772 2395 870 2424; x_wconf 91' lang='lat' dir='ltr'>non</span> <span class='ocrx_word' id='word_1_194' title='bbox 889 2379 1084 2442; x_wconf 81' lang='lat' dir='ltr'>patitur,</span> <span class='ocrx_word' id='word_1_195' title='bbox 1106 2378 1314 2442; x_wconf 88' lang='lat' dir='ltr'>providit</span> <span class='ocrx_word' id='word_1_196' title='bbox 1324 2378 1505 2442; x_wconf 83' lang='lat' dir='ltr'>stylum</span> <span class='ocrx_word' id='word_1_197' title='bbox 1521 2377 1610 2425; x_wconf 84' lang='lat' dir='ltr'>sub</span> <span class='ocrx_word' id='word_1_198' title='bbox 1631 2380 1782 2443; x_wconf 85' lang='lat' dir='ltr'>aquis,</span> 
     </span>
     <span class='ocr_line' id='line_1_27' title="bbox 370 2455 1787 2521; baseline 0.001 -19"><span class='ocrx_word' id='word_1_199' title='bbox 370 2472 515 2519; x_wconf 90' lang='lat' dir='ltr'>quem</span> <span class='ocrx_word' id='word_1_200' title='bbox 536 2456 695 2503; x_wconf 87' lang='lat' dir='ltr'>videre</span> <span class='ocrx_word' id='word_1_201' title='bbox 713 2456 863 2504; x_wconf 83' lang='lat' dir='ltr'>homo</span> <span class='ocrx_word' id='word_1_202' title='bbox 882 2472 981 2502; x_wconf 91' lang='lat' dir='ltr'>non</span> <span class='ocrx_word' id='word_1_203' title='bbox 999 2465 1206 2519; x_wconf 86' lang='lat' dir='ltr'>poterat;</span> <span class='ocrx_word' id='word_1_204' title='bbox 1234 2456 1316 2519; x_wconf 90' lang='lat' dir='ltr'>qui</span> <span class='ocrx_word' id='word_1_205' title='bbox 1340 2456 1598 2521; x_wconf 89' lang='lat' dir='ltr'>suscipiens</span> <span class='ocrx_word' id='word_1_206' title='bbox 1624 2455 1787 2504; x_wconf 86' lang='lat' dir='ltr'>sunem</span> 
     </span>
     <span class='ocr_line' id='line_1_28' title="bbox 371 2532 1783 2599; baseline 0.001 -19"><span class='ocrx_word' id='word_1_207' title='bbox 371 2534 592 2580; x_wconf 87' lang='lat' dir='ltr'>sustinuit</span> <span class='ocrx_word' id='word_1_208' title='bbox 606 2533 872 2592; x_wconf 89' lang='lat' dir='ltr'>mulierem,</span> <span class='ocrx_word' id='word_1_209' title='bbox 892 2549 954 2580; x_wconf 91' lang='lat' dir='ltr'>ne</span> <span class='ocrx_word' id='word_1_210' title='bbox 975 2532 1038 2580; x_wconf 89' lang='lat' dir='ltr'>ad</span> <span class='ocrx_word' id='word_1_211' title='bbox 1056 2532 1258 2580; x_wconf 89' lang='lat' dir='ltr'>fundum</span> <span class='ocrx_word' id='word_1_212' title='bbox 1277 2532 1486 2581; x_wconf 89' lang='lat' dir='ltr'>fluminis</span> <span class='ocrx_word' id='word_1_213' title='bbox 1501 2535 1783 2599; x_wconf 86' lang='lat' dir='ltr'>perveniret.</span> 
     </span>
     <span class='ocr_line' id='line_1_29' title="bbox 371 2609 1787 2678; baseline 0.003 -21"><span class='ocrx_word' id='word_1_214' title='bbox 371 2613 429 2657; x_wconf 89' lang='lat' dir='ltr'>Et</span> <span class='ocrx_word' id='word_1_215' title='bbox 458 2621 592 2658; x_wconf 89' lang='lat' dir='ltr'>erant</span> <span class='ocrx_word' id='word_1_216' title='bbox 618 2621 818 2675; x_wconf 87' lang='lat' dir='ltr'>utraque</span> <span class='ocrx_word' id='word_1_217' title='bbox 851 2609 940 2657; x_wconf 86' lang='lat' dir='ltr'>sub</span> <span class='ocrx_word' id='word_1_218' title='bbox 965 2611 1116 2674; x_wconf 86' lang='lat' dir='ltr'>aquis,</span> <span class='ocrx_word' id='word_1_219' title='bbox 1149 2610 1320 2658; x_wconf 88' lang='lat' dir='ltr'>mulier</span> <span class='ocrx_word' id='word_1_220' title='bbox 1348 2611 1526 2659; x_wconf 90' lang='lat' dir='ltr'>scilicet</span> <span class='ocrx_word' id='word_1_221' title='bbox 1540 2650 1551 2670; x_wconf 90' lang='lat'>‚</span> <span class='ocrx_word' id='word_1_222' title='bbox 1579 2621 1626 2660; x_wconf 87' lang='lat' dir='ltr'>et</span> <span class='ocrx_word' id='word_1_223' title='bbox 1654 2622 1787 2678; x_wconf 84' lang='lat' dir='ltr'>petra</span> 
     </span>
    </p>
   </div>
   <div class='ocr_carea' id='block_1_6' title="bbox 425 2818 1384 2866">
    <p class='ocr_par' dir='ltr' id='par_1_6' title="bbox 425 2818 1384 2866">
     <span class='ocr_line' id='line_1_30' title="bbox 425 2818 1384 2866; baseline 0.001 -11"><span class='ocrx_word' id='word_1_224' title='bbox 425 2819 479 2866; x_wconf 78' lang='lat'>(1)</span> <span class='ocrx_word' id='word_1_225' title='bbox 495 2819 555 2855; x_wconf 89' lang='lat' dir='ltr'>De</span> <span class='ocrx_word' id='word_1_226' title='bbox 574 2818 731 2854; x_wconf 83' lang='lat' dir='ltr'>muliere</span> <span class='ocrx_word' id='word_1_227' title='bbox 751 2821 813 2853; x_wconf 80' lang='lat' dir='ltr'>cui</span> <span class='ocrx_word' id='word_1_228' title='bbox 830 2821 969 2854; x_wconf 82' lang='lat' dir='ltr'>crimen</span> <span class='ocrx_word' id='word_1_229' title='bbox 989 2821 1161 2866; x_wconf 82' lang='lat' dir='ltr'>injectum</span> <span class='ocrx_word' id='word_1_230' title='bbox 1179 2826 1251 2864; x_wconf 81' lang='lat' dir='ltr'>est,</span> <span class='ocrx_word' id='word_1_231' title='bbox 1266 2819 1384 2856; x_wconf 75' lang='lat'><strong>2205.</strong></span> 
     </span>
    </p>
   </div>
  </div>
 </body>
</html>
