2002 3418
333 345 410 381 26⁶2
732 343 797 379 DE
827 342 1013 379 GLORIA
1049 340 1343 379 MARTYRUM.

333 442 442 479 sunt
473 431 686 496 principe
709 448 719 476 ε
757 448 781 474 «
808 430 1033 490 Surrexit,
1060 429 1260 493 gloriose
1282 429 1498 494 Auguste,
1522 427 1706 475 haeresis
1721 464 1734 488 ‚

332 526 437 574 quae
484 509 715 574 populum
762 508 1070 554 christianum
1125 522 1154 554 a
1211 506 1298 553 Dei
1350 505 1739 570 promissionibus

333 597 533 635 conatur
554 595 790 644 evertere,
817 595 870 632 ut
901 585 1062 632 dicant
1093 600 1192 631 non
1225 583 1327 631 fieri
1349 584 1740 631 resurrectionem

333 674 648 711 mortuorum.
678 665 801 726 Ergo
824 672 878 709 ut
905 663 1022 710 scias
1051 662 1163 725 quia
1184 677 1374 722 omnes,
1396 661 1529 724 juxta
1551 670 1741 725 aposto-

331 743 431 790 lum
478 742 677 789 Paulum
704 778 716 802 ,
761 740 1123 805 repraesentandi
1171 740 1345 787 erimus
1386 748 1496 786 ante
1535 738 1743 786 tribunal

333 819 530 879 Christi,
563 817 740 865 idcirco
767 818 903 881 jussit
931 833 1019 864 nos
1056 818 1288 864 Dominus
1322 816 1531 863 suscitari
1571 825 1618 862 et
1657 815 1744 862 tibi

333 896 420 943 ista
436 896 585 958 loqui.
603 894 722 942 Vide
740 911 853 958 ergo
875 911 937 941 ne
958 894 1194 941 seducaris
1212 903 1259 940 et
1272 892 1535 940 excludaris
1552 909 1582 940 a
1597 908 1744 956 regno

334 973 438 1019 Dei.
462 990 486 1016 »
513 975 621 1018 Haec
642 971 839 1018 audiens
865 969 1157 1018 Theodosius
1185 971 1441 1035 imperator
1471 968 1747 1034 glorificavit

335 1048 598 1095 Dominum
612 1085 624 1108 ‚
651 1048 734 1112 qui
767 1063 866 1094 non
901 1048 1112 1111 permisit
1140 1048 1294 1111 perire
1330 1047 1563 1113 populum
1586 1063 1740 1094 suum.

336 1125 435 1171 Viri
457 1134 616 1172 autem
641 1125 813 1171 iterum
832 1124 1053 1189 prostrati
1080 1125 1130 1170 in
1157 1133 1331 1171 terram
1356 1123 1742 1186 obdormierunt3

336 1200 510 1266 quibus
536 1218 647 1248 cum
676 1200 968 1248 Theodosius
1001 1201 1258 1266 imperator
1292 1201 1505 1266 sepulcra
1539 1216 1597 1247 ex
1629 1216 1747 1248 auro

337 1278 566 1327 fabricare
586 1279 728 1326 vellet
741 1316 753 1340 ‚
777 1295 864 1344 per
891 1279 1043 1325 visum
1063 1277 1332 1343 prohibitus
1363 1287 1432 1325 est
1464 1293 1525 1325 ne
1555 1277 1743 1326 faceret.

338 1356 436 1403 Viri
455 1366 614 1404 autem
639 1372 790 1420 usque
813 1354 958 1402 hodie
974 1355 1176 1419 palliolis
1207 1355 1363 1402 sericis
1383 1364 1466 1402 aut
1494 1354 1750 1403 carbasinis

339 1434 552 1498 cooperti
573 1435 623 1481 in
651 1435 754 1499 ipso
790 1433 900 1480 loco
931 1433 1232 1496 requiescunt
1263 1451 1274 1479 ε
1311 1431 1443 1496 quod
1469 1431 1644 1497 passio¹
1672 1447 1750 1479 eo-

338 1526 446 1556 rum
466 1546 478 1570 ,
510 1527 655 1574 quam
691 1512 810 1574 Syro
843 1509 1054 1573 quodam
1080 1510 1416 1574 interpretante
1448 1509 1498 1555 in
1534 1508 1750 1556 Latinum

338 1588 661 1635 transtulimus
677 1626 690 1650 ,
714 1587 899 1653 plenius
915 1586 1098 1651 pandit.

887 1728 1044 1764 CAPUT
1075 1728 1173 1763 XCV
1176 1729 1207 1762 1.

634 1823 687 1857 De
702 1820 933 1868 quadraginta
948 1829 1030 1856 octo
1045 1820 1259 1869 martyribus
1274 1819 1460 1854 Armenioe.

405 1918 579 1962 Ferunt
609 1924 768 1962 autem
795 1913 934 1960 fuisse
963 1912 1092 1978 apud
1124 1912 1419 1960 Armeniam’
1442 1910 1752 1974 quadraginta

341 2002 451 2039 octo
469 1993 625 2057 viros²⁵
652 1991 734 2054 qui
758 1991 808 2037 in
830 1991 958 2055 ipsos
987 1999 1174 2037 montes
1198 1988 1442 2050 Armeniae,
1472 1989 1523 2035 in
1543 1987 1716 2052 quibus
1735 2026 1747 2050 ,

339 2086 436 2134 prae
463 2059 711 2117 altituffine
742 2068 889 2115 nimia
915 2103 928 2127 ,
961 2083 1135 2131 magno
1170 2066 1342 2131 frigore
1374 2082 1508 2131 aquae
1544 2075 1591 2113 et
1628 2075 1752 2114 terra

339 2147 700 2210 restringuntur,
726 2146 851 2211 passi
869 2155 993 2193 sunt.
1021 2148 1238 2203 Quorum
1259 2145 1495 2192 montium
1520 2144 1753 2191 celsitudi-

341 2241 453 2271 nem
471 2241 570 2271 non
590 2239 787 2289 parvam
809 2239 907 2270 esse
933 2223 1188 2286 Legislator
1212 2222 1405 2286 exponit
1420 2258 1432 2282 ,
1468 2237 1577 2267 cum
1609 2237 1750 2284 super

398 2386 452 2436 (1)
476 2385 650 2424 Habetur
669 2399 719 2424 ex
737 2385 912 2425 Simeone
929 2383 1185 2435 Metaphraste
1202 2382 1304 2434 apud
1321 2382 1475 2422 Surium
1493 2381 1554 2419 die
1572 2380 1622 2419 27
1638 2380 1744 2429 julii3

341 2450 407 2488 sed
424 2451 536 2488 aliam
556 2464 638 2489 esse
655 2449 705 2489 ab
723 2464 769 2489 ea
785 2462 901 2501 quam
924 2448 1128 2500 Gregorius
1150 2447 1190 2486 in
1217 2448 1394 2486 Latinum
1413 2446 1603 2485 transtulit
1618 2445 1680 2484 vel
1699 2458 1748 2483 ex

340 2525 387 2550 eo
395 2513 477 2550 solo
485 2513 727 2551 manifestum
735 2521 806 2560 est,
824 2511 928 2563 quod
939 2510 1094 2548 nomina
1110 2509 1163 2547 ibi
1177 2509 1285 2547 aliter
1292 2522 1407 2560 quam
1414 2508 1516 2560 apud
1522 2507 1748 2559 Gregorium

339 2583 622 2614 recenseantur.
653 2575 778 2614 Aliam
799 2573 1015 2613 invenimus
1039 2572 1079 2611 in
1103 2585 1194 2610 mss.
1218 2572 1258 2610 in
1281 2585 1358 2623 qua
1383 2571 1539 2610 nomina
1566 2570 1663 2608 sicut
1686 2570 1747 2608 hic

338 2645 510 2674 recenset
527 2636 733 2689 Gregorius
749 2626 962 2682 habentur3
990 2634 1057 2672 sed
1082 2647 1169 2672 cum
1194 2634 1381 2673 incertum
1399 2633 1447 2671 sit
1465 2645 1516 2671 an
1537 2645 1581 2670 ea
1599 2631 1647 2669 sit
1663 2631 1747 2683 ipsa

339 2711 454 2749 quam
472 2699 678 2750 Gregorius
689 2698 892 2745 transtulit,
911 2696 1190 2747 nihilquenovi
1205 2695 1358 2742 habeat,
1378 2708 1462 2734 eam
1481 2693 1594 2733 edere
1612 2705 1744 2744 super-

340 2760 459 2798 fluum
479 2760 621 2799 fuisset.
642 2763 726 2809 (R.)

393 2825 446 2872 (2)
465 2826 704 2860 Armoeniam
719 2850 729 2870 ‚
752 2823 872 2862 2024.
884 2843 937 2850 -
956 2824 1008 2870 (3)
1029 2823 1161 2860 Passos
1179 2833 1242 2859 an.
1265 2820 1359 2867 320,
1379 2821 1403 2857 9
1421 2826 1533 2857 mart.
1552 2819 1636 2865 (R.)
