2002 3418
370 361 445 398 361.
665 361 731 397 DE
758 359 1024 398 MIRACULIS
1055 359 1230 398 SANCTI
1259 361 1471 398 JULIANI.

368 447 553 495 devote.
566 450 694 506 Quas
705 459 919 514 acceptas
932 448 1048 496 dum
1059 449 1223 496 viatim
1238 448 1483 513 psallendo
1494 448 1770 512 regreditur,
1825 477 1828 478 ν

370 525 680 573 Rhemensem
695 536 764 573 est
783 527 1016 589 ingressus
1029 526 1354 591 Campaniam.
1378 529 1487 573 Erat
1502 527 1629 573 enim
1644 526 1775 574 haud

367 603 534 666 procul
560 619 590 650 a
617 604 694 650 via
720 618 830 667 ager
856 602 1103 667 cujusdam
1133 602 1290 650 divitis
1315 603 1652 667 campanensis
1668 640 1681 663 ,
1713 603 1775 651 ad

367 695 510 743 quem
519 680 833 729 scindendum
842 697 1015 744 magna
1024 679 1278 729 multitudo
1292 689 1594 727 convenerat.
1612 680 1771 744 Igitur,

365 758 779 822 appropinquante
815 760 996 806 viatore
1033 775 1144 806 cum
1176 758 1251 805 his
1285 757 1563 822 pignoribus
1581 796 1594 819 ,
1635 759 1778 823 coepit

369 835 567 899 quidam
602 835 662 882 de
693 836 958 884 aratoribus
988 837 1112 884 male
1147 836 1357 899 torqueri
1388 845 1435 882 et
1463 837 1597 900 quasi
1622 836 1671 882 in
1696 852 1776 882 ex-

368 928 501 958 cessu
534 914 707 959 mentis
738 912 896 960 dicere
923 931 934 960 :
968 933 991 957 c<
1013 916 1110 974 En,
1137 914 1319 977 inquit,
1344 912 1666 960 beatissimum
1689 915 1777 959 Ju-

365 989 549 1035 lianum
585 990 1078 1054 appropinquantem,
1111 1006 1221 1038 ecce
1251 990 1470 1037 virtutem
1503 990 1603 1054 ejus
1621 1027 1634 1052 ,
1667 1006 1777 1037 ecce

367 1066 567 1128 gloriam
586 1066 703 1129 ejus.
730 1067 935 1128 Currite,
960 1068 1075 1128 viri,
1101 1067 1351 1130 relinquite
1371 1058 1537 1128 boves,
1558 1066 1777 1114 dimittite

368 1153 539 1204 aratra,
564 1153 752 1191 caterva
780 1144 937 1191 omnis
969 1154 1045 1192 eat
1073 1145 1123 1191 in
1156 1143 1365 1191 obviam.
1386 1164 1409 1187 »
1435 1145 1682 1208 Stupentes
1710 1144 1778 1190 illi

367 1231 414 1268 et
450 1221 567 1285 quid
605 1233 819 1271 narraret
854 1222 1005 1286 ignoti
1019 1224 1050 1284 ¹,
1087 1220 1203 1269 dum
1241 1220 1450 1269 hebetati
1487 1220 1780 1268 admirantur

367 1307 467 1345 tam
487 1314 629 1346 voces
650 1314 795 1363 quam
816 1299 942 1348 dicta
957 1315 1187 1364 personae,
1207 1297 1424 1364 protinus
1438 1298 1597 1359 miser,
1617 1297 1779 1344 relicto

367 1376 415 1422 in
449 1377 572 1424 arvis
600 1393 818 1439 vomere,
850 1376 1031 1425 elidens
1061 1393 1110 1425 se
1144 1377 1194 1423 in
1228 1387 1404 1424 terram
1432 1375 1780 1439 verberansque

367 1453 548 1518 palmas
562 1492 574 1516 ,
605 1455 655 1502 in
682 1466 816 1521 parte
839 1472 936 1520 qua
961 1455 1032 1504 vir
1053 1454 1131 1503 ille
1152 1453 1279 1502 beati
1315 1454 1532 1518 martyris
1561 1452 1782 1501 veniebat

367 1548 507 1580 cursu
537 1532 677 1582 celeri
705 1534 903 1599 rapitur,
937 1533 1179 1581 clamans:
1206 1553 1229 1576 <c
1244 1535 1307 1580 Ut
1326 1531 1443 1596 quid
1466 1547 1562 1593 me,
1591 1532 1778 1591 Sancte,

369 1609 436 1657 sic
467 1610 679 1659 crucias?
711 1621 763 1658 ut
790 1610 907 1676 quid
934 1627 1029 1673 me,
1065 1610 1266 1675 gloriose
1300 1619 1494 1675 martyr,
1531 1607 1781 1657 incendis?

369 1704 453 1734 cur
475 1689 718 1752 regionem
740 1688 828 1736 tibi
855 1705 953 1736 non
977 1688 1188 1736 debitam
1210 1686 1510 1751 aggrederis?
1537 1702 1623 1734 cur
1650 1684 1783 1733 habi·

369 1766 524 1813 tacula
546 1776 708 1814 nostra
729 1766 1011 1832 perlustras?
1031 1787 1052 1809 >2
1077 1765 1204 1813 Talia
1222 1781 1281 1813 eo
1300 1764 1486 1812 dicente
1499 1801 1512 1825 ,
1538 1763 1601 1811 ad
1620 1763 1782 1811 locum

370 1841 453 1889 ubi
478 1843 578 1907 jam
602 1844 824 1891 sacerdos
853 1843 1214 1892 tabernaculum
1250 1852 1460 1890 erexerat
1484 1840 1782 1889 turbulentus

370 1920 584 1982 advenit,
613 1931 968 1986 prostratusque
992 1937 1154 1968 coram
1177 1921 1325 1967 sancti
1355 1919 1584 1983 reliquiis,
1618 1917 1783 1964 diutis-

370 1999 486 2045 sime
520 1999 669 2047 humo
699 1999 931 2047 incubuit.
959 2003 1091 2047 Tunc
1118 1999 1363 2065 presbyter
1389 1997 1632 2063 capsulam
1654 1996 1783 2044 illam

369 2087 581 2124 sanctam
602 2094 744 2143 super
765 2095 877 2126 eum
899 2088 953 2125 ut
968 2078 1149 2143 posuit,
1173 2077 1299 2124 illico
1327 2084 1603 2141 erumpente
1622 2090 1678 2121 ex
1700 2089 1783 2120 ore

370 2153 470 2217 ejus
503 2156 757 2218 sanguine,
795 2155 856 2203 ab
893 2156 1164 2203 incursione
1194 2153 1417 2202 diabolici
1439 2152 1610 2200 erroris
1641 2167 1783 2197 mun-

371 2230 508 2279 datus
520 2243 610 2294 est3
623 2250 678 2282 ac
691 2234 932 2300 deinceps,
942 2234 1164 2281 virtutem
1177 2233 1325 2281 sancti
1334 2230 1610 2297 praedicans,
1623 2243 1784 2276 comes

371 2309 457 2357 suit
480 2310 622 2375 hujus
643 2313 839 2360 itineris.

903 2415 1058 2450 CAPUT
1082 2414 1258 2449 xxxm.

710 2511 763 2545 De
778 2508 933 2556 reliquiis
946 2510 1020 2556 ejus
1035 2507 1072 2542 in
1091 2507 1235 2542 Oriente
1256 2504 1431 2540 exhibitis.

438 2603 565 2660 Quid
601 2603 661 2650 de
695 2604 795 2667 ejus
829 2603 1036 2666 reliquiis
1062 2601 1113 2647 in
1137 2600 1329 2647 Oriente
1354 2598 1562 2646 fidelium
1589 2596 1783 2644 fratrum

371 2680 536 2728 relatio
573 2681 725 2744 signat
760 2680 960 2728 edicam.
1005 2682 1056 2725 In
1073 2677 1299 2743 ‚quadam
1333 2676 1539 2725 Orientis
1568 2673 1754 2722 civitate
1768 2708 1780 2730 ,

429 2851 485 2902 (1)
502 2851 563 2890 Al.
588 2855 729 2903 ignari.
