2002 3418
387 371 436 407 42
788 369 854 406 DE
880 368 1067 407 GLORIA
1098 368 1392 407 MARTYRUM.

385 456 726 520 magnitudine,
742 456 966 519 claritate,
985 467 1032 505 et
1045 457 1305 505 candorem
1320 457 1522 522 crystalli
1533 461 1787 509 vincentes.

385 536 599 599 Cumque
614 551 780 582 omnes
796 551 907 582 eum
924 535 1236 584 admiratione
1256 545 1302 584 et
1320 546 1512 601 stupore
1526 537 1794 586 vehementi

385 611 705 673 intenderent,
739 628 911 676 easque
938 613 1096 660 nullus
1131 613 1326 660 auderet
1351 613 1576 676 attingere
1591 651 1604 675 ,
1633 615 1795 663 Petrus

385 689 580 753 quidam
604 689 865 755 presbyter,
891 690 991 753 qui,
1017 700 1070 737 ut
1090 707 1163 737 res
1185 691 1288 756 ipsa·
1307 691 1468 738 asserit
1481 728 1493 751 ‚
1520 692 1680 755 magni
1702 707 1797 739 me-

385 767 460 813 riti
496 777 595 814 erat
611 805 623 828 ,
660 766 869 814 exhibita
906 778 1126 830 argentea
1158 778 1331 833 patena
1346 805 1359 830 ,
1396 778 1547 831 guttas
1579 767 1801 832 colligere

385 843 574 906 nititur-3
601 861 706 908 quae
727 843 843 891 dum
864 860 950 908 per
971 845 1115 892 altare
1145 861 1264 908 vago
1290 862 1431 892 cursu
1460 855 1692 907 rotantur,
1719 845 1799 894 de-

385 922 583 970 fluentes
615 924 664 970 in
697 924 850 987 ipsam
879 933 1129 987 patenam,
1166 924 1321 971 statim
1353 926 1403 970 in
1430 940 1478 970 se
1508 924 1794 989 conjunctae,

386 1000 520 1061 quasi
550 1015 698 1047 unam
734 1016 970 1062 gemmam
999 1000 1369 1064 pulcherrimam
1401 1000 1660 1048 effecerunt
1683 1018 1694 1047 t
1720 1017 1800 1066 pa-

388 1077 569 1140 tuitque
601 1077 807 1124 evidenti
833 1078 1016 1124 ratione
1050 1087 1216 1124 contra
1247 1078 1461 1142 iniquam
1490 1089 1536 1125 et
1567 1081 1671 1126 Deo
1700 1078 1800 1125 odi-

384 1153 531 1200 bilem
554 1154 775 1200 Arianam
794 1154 1034 1215 haeresim,
1069 1170 1174 1217 quae
1198 1171 1256 1202 eo
1276 1165 1496 1219 tempore
1515 1156 1798 1221 pullulabat,

386 1229 486 1276 haec
508 1239 639 1286 acta;
664 1230 972 1293 agnitumque
990 1240 1060 1276 est
1081 1240 1294 1278 sanctam
1313 1228 1586 1279 Trinitatem
1598 1268 1613 1293 ‚
1636 1233 1686 1279 in
1703 1248 1801 1280 una

387 1308 742 1373 omnipotentiae
761 1308 1025 1372 aequalitate
1046 1324 1314 1355 connexam
1327 1345 1340 1369 ,
1367 1309 1509 1356 nullis
1530 1309 1802 1372 garrulatio-

387 1385 528 1432 nibus
550 1402 687 1450 posse
709 1385 929 1449 disjungi.
956 1388 1088 1432 Tunc
1119 1386 1304 1448 gavisus
1330 1386 1563 1450 populus,
1593 1396 1640 1433 et
1668 1386 1804 1434 intel·

387 1463 535 1526 ligens
557 1479 732 1509 munus
756 1461 845 1509 sibi
867 1462 1107 1509 indultum
1130 1462 1269 1510 fuisse
1287 1462 1529 1524 divinitus,
1554 1463 1802 1511 conferens

343 1543 357 1553 ⁸
387 1556 557 1587 aurum
596 1555 898 1603 gemmasque
927 1540 1155 1604 pretiosas
1170 1577 1183 1601 ,
1226 1555 1416 1587 crucem
1451 1540 1560 1587 secit
1574 1577 1587 1601 ‚
1625 1540 1678 1586 in
1707 1556 1802 1603 qua

386 1615 513 1663 hanc
549 1631 784 1679 gemmam
823 1617 997 1664 statuit.
1041 1616 1134 1664 Sed
1163 1617 1379 1682 protinus
1412 1633 1579 1664 omnes
1612 1617 1802 1682 reliquae

389 1710 600 1756 gemmae,
621 1693 713 1741 hac
729 1693 1001 1755 accedente,
1027 1693 1315 1742 ceciderunt.
1336 1697 1475 1741 ·Tunc
1499 1693 1712 1760 pontifex
1733 1694 1803 1741 in-

386 1771 600 1835 telligens
618 1788 719 1817 non
739 1787 838 1818 esse
856 1772 1150 1819 consortium
1173 1770 1440 1820 coelestibus
1457 1789 1569 1819 cum
1585 1771 1799 1833 terrenis,

389 1847 616 1896 fabricata
638 1864 777 1895 cruce
801 1864 858 1895 ex
879 1864 997 1896 auro
1017 1849 1293 1914 purissimo,
1319 1864 1427 1895 eam
1449 1864 1686 1912 gemmam
1707 1864 1803 1895 me·

390 1925 469 1973 dia
486 1925 837 1991 intercapedine
852 1926 1005 1988 locat,
1031 1937 1079 1974 et
1096 1926 1278 1991 populo
1294 1926 1588 1974 adorandam
1605 1925 1798 1991 praebet.

390 2005 486 2050 Nec
509 2019 668 2063 mora,
694 2002 873 2065 fugato,
897 2012 952 2049 ut
974 2002 1204 2064 diximus,
1227 2003 1387 2063 hoste,
1418 2002 1582 2050 civitas
1606 2001 1804 2051 liberata

391 2089 476 2126 est.
504 2082 609 2126 Jam
637 2079 816 2126 exhoc
847 2080 984 2126 multi
1008 2079 1184 2127 infirmi
1215 2080 1387 2127 hausto
1421 2079 1536 2126 vino
1571 2079 1648 2126 vel
1680 2095 1804 2143 aqua

391 2157 440 2203 in
466 2173 562 2219 qua
589 2170 775 2220 gemma
797 2156 1021 2218 abluitur,
1054 2158 1271 2222 protinus
1303 2158 1490 2205 sanitati
1518 2157 1799 2205 redduntur.

392 2234 609 2297 Denique
635 2226 746 2282 cum
771 2234 968 2283 adorata
998 2235 1158 2296 fuerit,
1197 2237 1234 2282 si
1267 2252 1296 2283 a
1328 2246 1524 2300 peccato
1556 2245 1626 2282 est
1653 2235 1802 2282 homo

392 2312 640 2373 immunis,
666 2323 713 2359 et
734 2313 836 2377 ipsa
861 2322 1056 2377 apparet
1084 2313 1210 2360 clara
1232 2331 1242 2359 :
1266 2322 1484 2360 caeterum
1517 2313 1581 2374 si,
1618 2321 1671 2359 ut
1702 2313 1805 2376 ple-

393 2404 594 2451 rumque
631 2389 801 2437 assolet
814 2428 826 2450 ,
865 2389 1086 2437 humanae
1115 2389 1348 2453 fragilitati
1379 2389 1556 2452 aliquid
1587 2389 1806 2437 detulerit

394 2466 626 2528 criminis,
662 2477 761 2514 tota
787 2467 831 2513 ei
859 2467 1044 2513 videtur
1075 2467 1278 2514 obscura
1291 2505 1304 2529 ,
1335 2468 1598 2530 miramque
1628 2466 1805 2532 praebet

395 2541 728 2590 discretionem
757 2544 880 2590 iuter
910 2544 1215 2591 innocentem
1243 2555 1292 2592 et
1317 2545 1515 2592 noxium
1528 2562 1542 2604 ς
1576 2559 1687 2591 cum
1720 2543 1804 2590 uni

395 2628 518 2682 atra,
545 2620 677 2667 alteri
698 2629 985 2667 monstretur
1004 2620 1267 2685 splendida.
