2002 3418
400 323 475 362 252
803 323 870 359 DE
897 321 1084 360 GLORIA
1111 321 1411 359 MARTYRUM.

398 429 455 459 ex
471 428 605 460 more
622 412 883 478 paruerint,
907 410 1152 474 cognoscit
1165 409 1301 475 plebs
1319 426 1404 458 sua
1424 409 1520 458 hoc
1536 410 1637 458 fieri
1657 428 1781 459 noxa
1798 430 1810 471 ;

400 503 529 548 nam,
544 487 820 552 priusquam
832 494 1101 551 erumpant,
1121 485 1319 549 querula
1331 483 1393 532 ad
1409 486 1676 550 sepulcrum
1691 502 1815 534 mar-

398 564 510 628 tyris
541 580 597 611 ac
625 572 793 611 moesta
818 562 1089 623 decumbit,
1124 562 1383 627 deprecans
1410 571 1464 608 ut
1488 562 1673 609 solitam
1702 579 1814 628 pro-

397 651 633 689 mereatur
664 641 940 706 conspicere
962 640 1176 704 gratiam.
1203 639 1297 687 Sed
1328 655 1418 686 nec
1437 638 1684 704 psallendo
1705 656 1816 704 pro-

397 720 523 768 cedit
539 757 552 781 ,
598 720 637 767 si
672 719 775 766 haec
809 717 1105 766 manifestata
1138 734 1239 765 non
1282 717 1472 764 fuerint.
1517 717 1567 764 Si
1602 717 1816 782 placatur

398 807 577 861 martyr
594 813 623 845 a
642 797 861 861 lacrymis
889 795 1041 860 plebis
1054 833 1067 857 ,
1094 804 1341 859 emergunt
1362 794 1580 860 protinus
1600 809 1657 841 ex
1678 794 1815 842 arbo-

398 874 530 922 ribus
564 875 766 938 gemmei
800 874 940 921 flores
957 910 970 936 ,
1006 873 1090 937 qui
1125 873 1326 920 odorem
1364 882 1634 920 nectareum
1674 872 1817 937 respi-

398 961 555 999 rantes
584 951 730 999 animi
754 951 1023 998 moestitiam
1061 959 1108 998 et
1133 950 1342 998 adventu
1368 949 1606 997 laetificent
1635 958 1684 997 et
1709 948 1816 996 refi-

398 1031 526 1078 ciant
558 1029 802 1077 suavitate.
832 1028 1018 1076 Dehinc
1040 1028 1287 1091 diligenter
1311 1029 1498 1076 collecti
1521 1037 1568 1076 et
1588 1028 1637 1074 in
1655 1027 1816 1087 ‘basili-

397 1123 504 1154 cam
519 1107 752 1154 sacerdoti
768 1106 929 1168 delati,
949 1106 1188 1171 processio
1208 1123 1321 1153 cum
1338 1106 1814 1170 gaudiocelebratun

398 1200 512 1232 nam
527 1185 679 1233 ethos
694 1184 834 1233 flores
849 1184 1015 1250 saepius
1030 1182 1230 1230 infirmis
1245 1185 1470 1249 prodesse
1484 1186 1812 1248 cognovimus,

962 1310 1114 1348 CAPUT
1139 1310 1256 1347 XCII.

857 1398 911 1432 De
928 1396 1068 1432 basilica
1089 1395 1199 1432 sancti
1218 1396 1342 1432 Felicis
1355 1397 1381 1430 ¹.

463 1492 688 1550 Quodam
709 1501 923 1556 tempore
946 1491 1109 1538 Felicis
1130 1490 1349 1555 martyris
1369 1489 1566 1538 basilica
1587 1505 1616 1538 a
1638 1489 1820 1538 furibus

399 1581 469 1619 est
501 1570 710 1618 effracta.
757 1570 845 1616 Hic
876 1585 990 1617 vero
1028 1579 1206 1634 martyr
1236 1569 1285 1615 in
1324 1567 1552 1615 Gerunda
1585 1569 1819 1632 Hispaniae

400 1664 563 1712 passus
587 1658 656 1694 est
675 1647 835 1695 urbe’.
859 1650 953 1693 Fur
978 1663 1109 1707 vero,
1136 1645 1443 1711 apprehensis
1467 1645 1620 1710 palliis
1642 1646 1815 1706 sericis,

400 1725 535 1772 textis
581 1741 700 1772 auro
746 1723 1097 1788 monilibusque
1148 1723 1384 1771 exornatis
1402 1760 1414 1784 ,
1468 1739 1579 1770 cum
1628 1721 1819 1786 reliquis

401 1803 692 1850 ornamentis
710 1802 946 1849 abscessit.
972 1803 1081 1859 Quo
1101 1811 1260 1860 eunte,
1285 1801 1589 1864 conjungitur
1604 1800 1648 1847 ei
1667 1799 1818 1846 homo

399 1880 606 1944 ignotus,
631 1881 926 1943 interrogans
953 1895 1050 1942 quo
1069 1889 1300 1944 pergeret.
1327 1879 1414 1925 Cui
1434 1878 1511 1925 ille
1539 1877 1784 1942 respondit
1803 1898 1816 1924 :

407 1978 429 2003 ι
449 1959 498 2006 Si
530 1974 686 2006 sermo
714 1973 849 2005 meus
871 1956 1168 2004 occuleretur
1190 1966 1372 2016 tecum,
1398 1954 1700 2002 ostenderem
1734 1954 1821 2002 tibi

401 2035 676 2084 thesaurum
693 2051 938 2098 magnum.
955 2054 977 2077 »
1002 2036 1059 2080 Et
1079 2034 1158 2081 ille
1179 2052 1189 2079 :
1220 2052 1243 2079 «
1262 2033 1489 2091 Ostende,
1511 2034 1591 2093 ait,
1611 2050 1716 2097 quae
1736 2049 1820 2080 vo·

401 2113 544 2161 lueris
559 2151 572 2174 ,
607 2114 718 2160 totis
749 2129 776 2160 a
804 2128 882 2159 me
911 2101 1160 2175 obtegetur
1182 2110 1377 2159 viribus.
1403 2130 1424 2155 υ
1454 2113 1508 2158 At
1523 2111 1600 2158 ille
1616 2109 1822 2157 ostendit

402 2191 447 2238 ei
477 2191 655 2256 species
683 2191 814 2251 illas,
851 2190 1013 2237 dicens
1039 2209 1051 2236 z
1079 2209 1102 2234 «
1123 2189 1170 2236 Si
1203 2189 1254 2236 in
1285 2189 1387 2235 aliis
1414 2187 1515 2234 haec
1549 2187 1821 2252 regionibus

401 2268 755 2330 venundantur,
791 2268 976 2331 utrique
1002 2276 1220 2314 nostrum
1250 2267 1436 2313 lucrum
1469 2264 1671 2329 inferent
1703 2266 1822 2313 mul·

402 2355 522 2393 tum.
544 2366 567 2390 m
591 2349 646 2392 Et
664 2345 741 2393 ille
760 2363 770 2392 z
788 2346 916 2408 «Ego
930 2362 1055 2406 sum,
1075 2344 1245 2408 inquit,
1266 2343 1434 2404 homo,
1464 2343 1542 2391 cui
1561 2343 1610 2389 in
1627 2341 1821 2390 diversis

402 2423 676 2487 regionibus
709 2423 846 2472 multi
877 2421 1114 2470 habentur
1144 2421 1309 2482 amici,
1338 2430 1385 2469 et
1409 2430 1479 2468 est
1509 2420 1626 2468 mihi
1649 2419 1821 2467 domus

403 2518 578 2564 magna
602 2510 744 2563 atque
765 2509 944 2547 secreta
968 2516 979 2545 :
1002 2499 1040 2545 si
1064 2498 1165 2545 haec
1187 2499 1236 2544 in
1263 2514 1320 2546 ea
1340 2498 1574 2564 posueris,
1597 2497 1821 2562 deinceps

406 2595 517 2624 cum
538 2578 744 2638 libuerit,
764 2575 1079 2624 venundabis.
1097 2595 1120 2618 »
1143 2578 1201 2621 Et
1223 2574 1511 2640 praecedenS,
1537 2573 1822 2638 sequebatur

459 2743 512 2797 (1)
535 2747 595 2783 De
614 2746 739 2784 Felice
754 2751 919 2792 martyre
938 2727 1112 2782 Gerunda
1130 2742 1252 2790 urbis,
1270 2743 1390 2781 2205.

459 2805 513 2858 (Ξ)
531 2810 607 2846 An.
632 2808 724 2854 304,
746 2808 763 2843 1
789 2818 879 2856 aug.
901 2806 986 2853 (R.)
