2002 3418
455 338 531 377 316
679 335 692 345 ”
758 343 824 380 DE
853 343 1120 381 MIRACULIS
1147 344 1315 380 SANCTI
1343 343 1551 381 JULIANI.

454 433 698 492 torquetur
740 441 793 478 ut
838 430 1039 477 ubertim
1074 431 1270 478 fluentes
1308 431 1524 495 lacrymae
1559 432 1710 495 qualis
1743 441 1860 480 esset

454 505 593 554 dolor
614 508 893 556 intrinsecus
914 509 1200 556 extrinsecus
1222 509 1510 556 nuntiarent.
1536 511 1734 571 Interea,
1760 519 1857 556 stu-

453 593 593 648 pente
609 585 769 649 vulgo,
794 586 1000 634 inclusus
1022 587 1103 651 qui
1127 587 1277 633 fuerat
1294 586 1594 651 progreditur
1608 586 1728 634 liber
1748 605 1758 632 ε
1781 602 1859 652 pa-

455 670 608 708 rentes
640 677 832 725 quoque
868 663 992 710 illius
1033 663 1115 727 qui
1157 663 1327 709 virtute
1367 663 1514 710 sancti
1552 663 1856 723 retinebatur,

454 749 791 802 cognoscentes
813 741 1028 804 martyris
1047 741 1354 805 sepulturam,
1376 740 1559 788 devotis
1581 740 1738 788 multis
1761 757 1862 787 mu-

454 815 645 863 neribus
665 832 754 881 pro
776 816 873 864 filio
895 817 1170 865 exorabant.

1032 939 1188 976 CAPUT
1215 941 1282 976 VI.

902 1029 954 1065 De
969 1030 1198 1066 conversione
1212 1030 1422 1067 incolarum.

520 1117 714 1162 Factum
734 1124 803 1162 est
820 1125 997 1178 autem,
1018 1116 1135 1163 dum
1150 1117 1251 1164 haec
1267 1127 1533 1181 agerentur,
1549 1127 1603 1165 ut
1622 1117 1865 1182 presbyter

455 1190 650 1254 quidam
674 1193 750 1240 via
769 1193 848 1240 illa
868 1193 1190 1241 descenderet.
1214 1196 1308 1252 Qui
1334 1212 1484 1259 quum
1506 1194 1741 1242 didicisset
1761 1210 1865 1258 quae

455 1275 560 1314 acta
581 1267 790 1329 fuerant,
817 1269 1068 1333 pollicetur
1097 1269 1373 1334 parentibus
1393 1279 1463 1332 ut,
1496 1270 1535 1316 si
1557 1285 1587 1316 a
1613 1269 1865 1332 gentilitate

456 1343 750 1392 discederent
766 1383 778 1406 ,
820 1345 971 1393 filium
1008 1348 1270 1412 reciperent
1311 1364 1495 1395 sanum.
1534 1350 1637 1412 Ipse
1673 1363 1864 1411 quoque

456 1422 694 1484 sacerdos,
714 1425 929 1488 sequenti
943 1434 1100 1485 nocte,
1117 1425 1245 1471 videt
1259 1442 1345 1490 per
1360 1425 1599 1472 somnium
1619 1424 1868 1472 simulacra

456 1498 535 1546 illa
553 1516 657 1563 quae
679 1516 707 1547 a
730 1501 981 1564 gentilibus
1007 1501 1286 1549 colebantur
1315 1503 1510 1549 numine
1542 1501 1705 1549 divino
1735 1518 1867 1548 com-

456 1576 607 1623 minui
653 1587 794 1642 atque
843 1579 891 1625 in
935 1579 1181 1644 pulverem
1232 1579 1423 1627 redacta
1464 1579 1566 1625 solo
1612 1579 1861 1643 prosterni.

457 1656 635 1711 Quarta
671 1666 830 1703 autem
871 1657 964 1718 die,
995 1674 1106 1703 cum
1145 1658 1375 1720 gentilitas
1405 1657 1545 1704 vellet
1576 1659 1746 1702 iterum
1778 1655 1867 1703 diis

438 1732 677 1788 ¹exhibere
716 1733 970 1796 libamina,
1005 1745 1198 1782 moestus
1225 1736 1469 1800 presbyter
1500 1735 1561 1782 ad
1600 1735 1867 1800 sepulcrum

427 1820 430 1823 ’
456 1812 605 1858 sancti
630 1812 958 1876 prosternitur,
987 1822 1033 1860 et
1052 1830 1162 1859 cum
1179 1814 1398 1878 lacrymis
1420 1822 1582 1860 exorat
1601 1822 1654 1859 ut
1673 1811 1867 1860 tandem

457 1889 762 1951 gentilitatem
797 1889 924 1937 hanc
964 1906 1068 1954 quae
1103 1890 1290 1955 jacebat
1321 1892 1371 1937 in
1404 1889 1610 1937 tenebris
1645 1889 1869 1954 splendor

456 1965 626 2013 divinae
658 1967 880 2031 potentiae
915 1967 1155 2030 visitaret,
1198 1985 1286 2015 nec
1325 1969 1497 2014 sineret
1532 1967 1655 2013 ultra
1692 1975 1869 2030 martyr

455 2043 622 2091 beatus
657 2044 876 2092 alumnos
908 2046 1128 2111 proprios
1155 2047 1243 2094 ista
1268 2046 1466 2108 caligine
1497 2043 1723 2104 detineri,
1758 2060 1869 2091 cum

456 2122 533 2169 ille
550 2122 773 2187 perennis
794 2122 1015 2170 claritatis
1037 2123 1209 2186 gaudia
1230 2123 1504 2189 possideret.
1531 2121 1788 2168 Confestim
1807 2120 1868 2168 ad

457 2200 557 2264 ejus
587 2201 854 2248 orationem
880 2212 1245 2249 commoventur
1267 2202 1500 2262 tonitrua,
1537 2200 1755 2248 renident
1784 2200 1869 2246 ful-

459 2295 574 2342 gura
591 2316 603 2340 ,
636 2278 879 2327 descendit
906 2280 1059 2328 imber
1087 2281 1196 2343 igne
1220 2280 1391 2327 mixtus
1417 2289 1464 2327 et
1493 2278 1745 2344 grandine,
1772 2287 1871 2325 tur-

456 2355 632 2403 bantur
652 2358 830 2405 omnia.
857 2358 1107 2413 Concurrit
1123 2358 1289 2420 vulgus
1316 2357 1378 2404 ad
1403 2357 1645 2416 cellulam,
1670 2364 1870 2420 proster-

459 2434 588 2480 nitur
620 2450 783 2481 coram
826 2433 1068 2482 sacerdote
1108 2435 1264 2482 omnis
1295 2443 1480 2481 caterva
1511 2433 1778 2497 gentilium,
1801 2442 1864 2492 et,

459 2512 607 2558 mixto
623 2529 734 2558 cum
752 2512 971 2576 lacrymis
989 2512 1168 2559 ululatu
1183 2549 1195 2573 ,
1220 2511 1376 2559 cuncti
1396 2511 1590 2558 Domini
1610 2509 1870 2558 misericor-

460 2587 588 2636 diam
611 2589 940 2654 deprecantur,
962 2590 1337 2655 pollicenturque
1356 2588 1611 2649 sacerdoti,
1634 2588 1671 2634 si
1687 2586 1867 2650 grando

460 2666 726 2729 recederet,
766 2678 819 2714 ut
856 2677 1111 2735 martyrem
1141 2678 1398 2733 patronum
1428 2675 1696 2732 expeterent
1728 2674 1774 2712 et
1806 2663 1867 2712 ad

460 2747 614 2792 Deum
642 2746 744 2810 ejus
770 2744 940 2794 relictis
966 2746 1326 2795 simulacrorum
1358 2745 1561 2794 cultibus
1594 2744 1775 2806 integro
1808 2740 1867 2788 de'

459 2823 603 2871 corde
635 2825 904 2872 transirent.
949 2827 1093 2873 Porro
1131 2825 1207 2872 ille
1224 2861 1236 2884 ,
1275 2824 1376 2872 fusa
1414 2822 1626 2870 oratione
1644 2858 1656 2882 ,
1697 2828 1867 2867 cuncta
