2002 3418
433 351 483 388 18
831 355 898 391 DE
925 355 1113 393 GLORIA
1140 356 1438 396 MARTYRUM.

431 438 545 503 bus,
574 450 808 506 prostrata
837 442 939 489 solo
964 443 1014 488 in
1041 442 1212 490 eodem
1242 443 1350 490 loco
1376 444 1579 506 quievit;
1608 447 1844 511 apparuit·

431 534 525 582 que
542 519 587 566 ei
603 536 690 584 per
706 520 886 582 visum,
911 520 1046 583 quasi
1067 521 1269 585 aperiret
1287 521 1455 583 aliquis
1478 522 1643 570 oculos
1661 523 1778 586 ejus,
1797 534 1844 572 et

429 613 581 644 unum
589 598 776 645 sanitati
785 597 1042 657 redditum,
1054 598 1171 645 dum
1183 615 1294 646 cum
1306 598 1666 660 aliolaboraret3
1683 599 1842 649 subito

427 673 489 723 ad
511 676 619 724 ostii
636 677 826 725 reserati
839 694 1010 725 sonum
1025 677 1367 742 expergefacta,
1386 678 1528 726 unius
1540 679 1667 726 oculi
1679 679 1842 727 lumen

423 756 618 820 recepit.
655 755 800 814 Quod
821 773 921 803 non
947 755 1202 819 ambigitur
1222 755 1315 803 hoc
1338 774 1423 822 per
1448 757 1600 804 crucis
1619 758 1842 805 virtutem

424 831 563 880 fuisse
591 834 865 898 praestitum.
897 834 1239 897 Energumeni,
1260 834 1448 897 claudi,
1472 845 1520 882 et
1548 835 1627 883 alii
1648 852 1842 900 quoque

421 909 600 958 infirmi
628 927 834 976 persaepe
853 911 904 958 in
923 910 1018 959 hoc
1038 912 1148 960 loco
1167 922 1411 960 sanantur.
1447 915 1686 962 Hactenus
1705 913 1836 962 hinc.

1009 1063 1164 1110 CAPUT
1190 1075 1256 1111 v1.

878 1170 929 1203 De
941 1169 1148 1204 inventione
1165 1171 1358 1209 clavorum.

479 1266 691 1332 Speciosi
711 1275 871 1315 autem
907 1267 1136 1332 omnique
1164 1267 1356 1316 metallo
1386 1266 1646 1317 nobiliores
1671 1271 1838 1318 Domi-

414 1344 532 1391 nicae
563 1345 717 1393 crucis
747 1345 870 1394 clavi
885 1381 899 1407 ,
929 1346 1013 1432 qui
1046 1344 1187 1393 beata
1213 1344 1430 1394 membra
1457 1355 1712 1395 tenuerunt
1726 1385 1740 1410 ,
1775 1346 1838 1396 ab

415 1422 597 1472 Helena
618 1423 810 1487 regina,
834 1432 944 1488 post
965 1423 1112 1487 ipsius
1140 1439 1283 1471 sacrae
1305 1424 1458 1472 crucis
1479 1425 1805 1474 inventionem
1819 1463 1834 1489 ,

413 1499 587 1564 reperti
611 1503 779 1548 sunt¹.
768 1518 779 1528 ·
805 1511 852 1547 et
869 1500 928 1547 de
948 1499 1140 1548 duobus
1162 1500 1358 1564 quidem
1380 1500 1598 1549 frenum
1585 1514 1837 1568 imperato-

411 1577 474 1625 ris
511 1579 717 1625 munivit
730 1616 743 1640 ,
780 1595 878 1642 quo
911 1578 1118 1640 facilius,
1153 1579 1191 1626 si
1220 1578 1427 1628 adversae
1458 1589 1618 1644 gentes
1643 1582 1835 1630 restitis-

412 1662 518 1699 sent
540 1653 769 1718 principi,
803 1652 898 1700 hac
924 1653 1096 1701 virtute
1118 1652 1407 1716 fugarentur.
1434 1656 1506 1702 De
1536 1654 1712 1719 quibus
1733 1673 1833 1703 non

409 1741 481 1779 est
500 1733 721 1795 ignotum
745 1731 1021 1780 Zachariam
1046 1732 1322 1780 vaticinasse
1344 1732 1630 1798 prophetam
1655 1751 1666 1779 :
1692 1736 1828 1792 Erit,

410 1809 594 1874 inquit,
620 1809 749 1875 quod
762 1811 814 1857 in
837 1827 890 1856 os
910 1812 1022 1875 equi
1030 1811 1232 1875 ponitur
1250 1821 1468 1857 sanctum
1490 1813 1729 1858 Domini².

477 1889 549 1935 Eo
577 1889 706 1936 enim
742 1898 959 1954 tempore
990 1887 1284 1936 Adriaticum
1316 1905 1448 1937 mare
1478 1889 1662 1952 magnis
1683 1889 1834 1937 flucti-

408 1965 501 2014 bus
523 1966 808 2014 movebatur
823 2004 836 2029 ,
870 1967 920 2013 in
954 1981 1051 2030 quo
1074 1976 1173 2013 tam
1199 1966 1462 2031 frequentia
1483 1977 1618 2015 erant
1646 1967 1834 2015 naufra-

410 2045 486 2110 gia
499 2082 512 2107 ,
546 2061 603 2092 ac
631 2044 868 2093 demersio
891 2045 1147 2092 hominum
1164 2083 1177 2107 ,
1211 2055 1264 2092 ut
1294 2062 1472 2109 vorago
1507 2046 1831 2111 navigantium

408 2122 661 2171 diceretur.
697 2126 829 2170 Tunc
866 2123 1068 2187 provida
1107 2123 1271 2187 regina
1288 2161 1301 2185 ,
1343 2123 1607 2172 condolens
1651 2125 1832 2173 excidia

410 2201 718 2262 miserorum,
749 2217 902 2247 unum
935 2217 994 2248 ex
1021 2211 1227 2265 quatuor
1252 2201 1396 2248 clavis
1423 2201 1599 2266 deponi
1621 2201 1759 2265 jubet
1779 2204 1830 2250 in

410 2278 579 2342 pelago
598 2315 611 2340 ,
636 2277 818 2325 confisa
846 2277 907 2324 de
931 2277 1126 2324 Domini
1149 2277 1497 2338 misericordia,
1523 2278 1656 2341 quod
1687 2296 1831 2328 saevas

410 2354 645 2404 fluctuum
675 2355 1024 2404 commotiones
1054 2355 1188 2403 facile
1210 2365 1369 2420 posset
1395 2355 1681 2420 opprimere.
1720 2360 1829 2416 Quo

411 2435 535 2482 facto
566 2434 782 2482 redditur
805 2449 935 2480 mare
960 2432 1174 2496 quietum
1189 2470 1202 2494 ,
1231 2433 1578 2498 tranquillaque
1605 2434 1829 2501 deinceps

411 2512 744 2577 navigantibus
789 2510 941 2559 flabra
976 2513 1272 2575 praestantur.
1315 2511 1453 2559 Unde
1492 2528 1644 2576 usque
1683 2514 1829 2561 hodie

461 2709 516 2757 (1)
546 2705 685 2746 Christi
699 2718 765 2746 an.
788 2706 880 2744 326.

462 2773 518 2820 (2)
542 2768 658 2808 Zach
679 2781 763 2815 xxv,
783 2768 851 2806 20.
872 2765 1149 2815 Theodoretus,
1171 2767 1239 2807 lib.
1261 2769 1294 2809 1.
1316 2770 1672 2823 Htst.‚cap.xv111‚
1692 2770 1826 2810 alludit

409 2835 459 2875 ad
484 2831 676 2873 Zachariae
710 2830 952 2883 prophetiam
987 2830 1121 2869 iisdem
1154 2831 1282 2870 verbis
1305 2845 1392 2883 quae
1410 2833 1473 2871 hic
1491 2846 1513 2872 a
1532 2833 1718 2886 Gregorio
1740 2835 1822 2874 lau-

409 2900 562 2938 dantur.
583 2898 663 2946 (R.)
