2002 3418
376 324 451 361 134
776 325 844 361 DE
872 324 1059 362 GLORIA
1088 323 1384 360 MARTYRUM.

913 455 1069 491 CAPUT
1092 455 1244 492 XLVII.

594 554 646 588 De
664 552 791 588 sanctis
806 552 975 588 Gervasio
995 561 1029 588 et
1045 552 1218 598 Protasio,
1236 551 1387 587 Nazario
1403 560 1437 587 et
1452 551 1567 587 Celso,

437 641 489 684 In
506 637 598 685 hac
615 637 745 685 enim
763 636 884 684 urbe
898 637 1150 685 beatorum
1169 647 1434 701 martyrum
1450 637 1663 684 Gervasii
1682 640 1795 686 Pro-

371 715 570 778 tasiique
600 714 813 761 victricia
834 730 1039 779 corpora
1068 715 1373 775 retinentur¹‚
1402 729 1507 777 quae
1536 712 1648 774 diu,
1676 713 1796 761 sicut

370 792 473 856 ipsa
511 792 743 856 passionis
781 801 940 838 narrat
972 791 1195 851 historia,
1234 790 1322 837 sub
1362 790 1487 837 fossa
1522 779 1763 837 latuerunt
1779 829 1791 852 ‚

371 886 476 935 quae
508 868 650 916 beato
686 868 937 934 Ambrosio
967 870 1198 916 revelata*
1243 879 1384 933 atque
1421 867 1482 915 ab
1516 868 1688 915 eodem
1721 885 1796 915 re-

368 956 502 1011 perta
521 947 570 992 in
589 945 835 993 basilicam
854 961 1000 1009 quam
1019 946 1118 1011 ipse
1135 947 1332 1011 proprio
1349 945 1598 993 aedificavit
1614 945 1791 1007 studio,

371 1024 570 1071 ostensis
592 1023 849 1084 miraculis,
876 1033 987 1069 sunt
1014 1025 1212 1088 sepulta.
1246 1027 1317 1070 De
1352 1040 1559 1087 quorum
1586 1023 1797 1087 reIIquiis

369 1101 482 1164 quia
495 1100 699 1147 maxime
717 1100 955 1147 Turonica
972 1100 1087 1147 urbs
1103 1102 1311 1148 seniores
1327 1102 1566 1148 ecclesias³
1585 1101 1797 1148 continet

370 1179 620 1225 illustratas
633 1216 645 1240 ‚
672 1178 756 1225 sed
774 1188 821 1225 et
843 1195 930 1243 per
950 1188 1106 1225 tolum
1129 1165 1390 1226 Galliarum
1412 1178 1645 1226 ambitum
1658 1216 1670 1239 ‚
1693 1181 1794 1226 Deo

369 1246 597 1319 propitio⁷
625 1254 829 1302 dilatatae
847 1258 973 1301 sunt.
1002 1257 1167 1302 Sermo
1182 1255 1391 1320 quadam
1402 1255 1506 1301 vice
1527 1254 1587 1301 de
1603 1255 1678 1302 his
1694 1255 1796 1318 qui-

369 1332 574 1379 busdam
595 1333 824 1396 religiosis
847 1342 917 1379 est
939 1332 1157 1394 habitus,
1186 1333 1261 1380 vel
1286 1349 1382 1396 qua
1406 1332 1466 1379 de
1489 1349 1631 1380 causa
1661 1342 1795 1379 ante-

373 1407 510 1453 dictae
535 1407 743 1471 reliquiae
766 1416 864 1454 tam
898 1407 1140 1454 condense
1163 1407 1338 1454 fuerint
1364 1424 1451 1472 per
1479 1407 1587 1454 loca
1613 1407 1797 1470 singula

375 1483 653 1532 distributae.
680 1487 739 1530 Et
766 1501 872 1548 quae
895 1501 1037 1549 super
1065 1484 1162 1545 his,
1189 1484 1402 1548 quodam
1423 1483 1653 1532 referente
1667 1521 1680 1546 ‚
1714 1500 1797 1532 au-

374 1560 498 1622 divi,
526 1561 790 1608 absurdum
811 1578 911 1608 non
934 1563 1098 1626 putavi
1117 1563 1322 1609 inserere
1337 1562 1547 1623 lectioni,
1566 1562 1679 1625 quia
1694 1578 1794 1608 non

373 1639 678 1686 continentur
702 1640 752 1686 in
775 1639 972 1694 historia
1005 1640 1252 1704 passionis.
1288 1639 1450 1686 Aiebat
1479 1639 1608 1686 enim
1641 1639 1791 1702 quod,

373 1715 568 1778 quando
602 1716 704 1763 haec
738 1717 944 1780 gloriosa
974 1732 1178 1782 corpora
1208 1717 1433 1764 translata
1465 1716 1514 1762 in
1547 1716 1794 1764 ecclesiam

372 1792 503 1840 illam
527 1793 743 1857 fuerunt,
777 1794 895 1842 dum
929 1795 980 1841 in
1009 1795 1249 1842 honorem
1282 1795 1497 1860 ipsorum
1531 1804 1793 1858 martyrum

374 1870 625 1919 missarum
644 1872 876 1920 solemnia
895 1872 1266 1934 celebrarentur,
1293 1872 1515 1920 cecidisse
1533 1889 1559 1919 e
1577 1888 1766 1934 camera
1780 1873 1794 1897 ⁴

373 1946 587 1996 tabulam
610 1967 783 2012 unam,
817 1967 922 2015 quae
944 1950 1063 1998 illisa
1087 1949 1321 2015 capitibus
1346 1960 1608 2013 martyrum
1637 1950 1794 1996 rivum

373 2027 614 2089 sanguinis
631 2028 860 2075 elicuerit.
881 2031 952 2075 De
973 2044 1070 2091 quo
1089 2028 1262 2075 insecta
1281 2027 1580 2085 linteamina,
1599 2027 1674 2074 vel
1692 2027 1793 2092 pal-

371 2100 477 2148 lulae
511 2102 607 2150 sive
643 2104 747 2152 vela
782 2105 1097 2153 ecclesiastica
1111 2142 1124 2166 ,
1166 2104 1335 2152 beatus
1382 2121 1524 2151 cruor
1569 2103 1794 2151 collectus

421 2314 476 2359 (1)
505 2314 607 2350 Anu.
629 2317 718 2352 circ.
742 2316 814 2362 66,
838 2316 887 2353 19
911 2319 1002 2354 Jun.
1024 2318 1104 2363 (R.)
1120 2338 1172 2345 —
1195 2314 1255 2368 (2)
1278 2305 1382 2354 Arm.
1406 2316 1497 2352 386.
1520 2316 1600 2362 (R.)

421 2372 475 2425 (3)
510 2373 668 2413 Videtur
687 2375 751 2414 hic
776 2377 883 2415 locus
911 2376 1154 2415 librariorum
1181 2390 1311 2415 errore
1335 2385 1537 2428 corruptus
1551 2405 1562 2424 ‚
1589 2389 1705 2427 quem
1733 2384 1790 2414 ta-

365 2447 455 2473 men
473 2450 547 2488 ope
567 2450 657 2475 mss.
681 2451 817 2477 sanare
843 2452 923 2477 non
945 2439 1065 2480 licuit.
1086 2439 1261 2477 Indicare
1281 2439 1438 2477 forsitan
1457 2439 1541 2476 vult
1561 2437 1789 2490 principales

363 2499 593 2537 Turonensis
617 2499 724 2538 urbis
746 2501 924 2540 ecclesias
949 2510 1168 2540 sanctorum
1188 2501 1360 2540 Gervasii
1380 2509 1418 2539 et
1442 2499 1602 2539 Protasii
1619 2499 1789 2551 reliquiis

362 2559 477 2599 fuisse
504 2561 730 2610 illustratas,
752 2577 830 2615 quo
857 2564 1014 2602 nomine
1032 2564 1250 2615 designaret
1275 2563 1393 2601 dubio
1425 2563 1560 2615 procul
1590 2562 1787 2601 ecclesiam

361 2621 618 2661 cathedralem
651 2633 689 2662 et
715 2625 836 2665 sancti
863 2625 1018 2664 Martini
1046 2625 1255 2663 basilicam.
1290 2627 1388 2663 Nam
1412 2625 1479 2663 vix
1497 2637 1660 2676 usquam
1677 2624 1787 2662 inve-

359 2683 441 2722 nies
461 2690 618 2724 senioris
636 2691 807 2727 eeclesioe
822 2688 978 2728 nomine
997 2689 1089 2727 alias
1114 2687 1396 2726 cathedralibus
1424 2687 1529 2740 apud
1557 2685 1785 2740 Gregorium

359 2745 518 2785 donatas
537 2748 666 2787 fuisse.
688 2753 768 2798 (R.)
830 2745 833 2747 ’

411 2808 530 2857 (4)1d
557 2819 627 2857 est,
656 2812 815 2850 fornice.
838 2814 919 2860 (IL)
