2002 3418
394 363 470 399 132
793 361 859 397 DE
888 361 1074 398 GLORIA
1104 361 1397 398 MARTYRUM.

394 448 631 496 tumulum
678 449 895 512 martyris
911 486 924 510 ‚
965 459 1071 496 orat
1114 458 1169 495 ut
1184 485 1197 510 ‚
1238 449 1409 497 virtute
1451 449 1552 513 ejus
1590 448 1779 512 adjutus
1795 487 1807 511 ‚

393 525 574 589 absque
595 525 938 590 impedimento
960 528 1109 591 possit
1129 526 1400 574 abscedere.
1423 528 1626 591 Moxque
1641 537 1812 574 vocato

393 620 569 668 puero,
602 620 780 667 equum
799 605 943 652 sterni
964 604 1188 669 praecepit
1210 603 1373 651 dicens
1397 622 1407 650 :
1438 624 1459 649 (ι
1482 604 1636 651 Hodie
1657 603 1813 651 absol·

391 680 537 727 vendi
559 698 721 728 sumus
738 699 766 728 a
784 683 978 729 vinculo
1003 683 1094 729 isto
1118 681 1359 729 custodiae.
1383 703 1405 725 >›
1429 685 1487 728 Et
1507 681 1815 729 ascendentes

390 758 456 804 ita
475 758 660 822 Alpium
673 758 786 822 juga
802 760 1155 823 congeriorum¹
1172 759 1364 823 oppleta
1385 759 1688 806 multitudine
1704 775 1814 823 per·

390 835 678 882 transierunt
740 845 883 900 atque
938 839 1201 884 Arvernum
1242 836 1409 900 perlati
1455 846 1566 884 sunt
1585 873 1597 896 ‚
1643 835 1815 882 virtute

390 912 519 960 beati
554 913 772 976 martyris
802 924 1042 978 praeeunte
1060 951 1073 975 ‚
1109 922 1163 960 ut
1193 929 1222 960 a
1250 914 1384 961 nullo
1412 915 1818 976 interrogarentur

394 1007 492 1053 quo
532 989 782 1037 tenderent
819 991 895 1037 vel
941 990 1071 1038 unde
1117 991 1336 1038 venirent
1372 1009 1383 1037 ι
1421 991 1817 1053 manifestumque

391 1078 462 1116 est
481 1084 565 1119 eos
585 1067 805 1132 praesidio
827 1066 956 1115 beati
977 1068 1198 1131 martyris
1227 1067 1290 1115 ab
1319 1068 1413 1117 hac
1438 1084 1650 1117 aerumna
1676 1068 1816 1116 fuisse

393 1146 611 1193 salvatos.
1327 1149 1333 1155 '

942 1243 1102 1281 CAPUT
1130 1244 1263 1280 XLVI.

786 1331 839 1366 De
856 1330 963 1367 calice
978 1332 1171 1367 cristallino
1186 1339 1380 1367 restaurato
1393 1332 1422 1367 ².

457 1417 539 1464 Est
558 1414 689 1463 enim
711 1414 843 1481 apud
863 1415 1086 1465 eamdem
1108 1415 1282 1465 urbem
1302 1415 1499 1465 basilica
1520 1417 1670 1464 sancti
1695 1419 1817 1464 Lau-
1886 1402 1893 1409 ’

392 1492 531 1540 rentii
552 1491 706 1540 levitae
720 1529 731 1551 ‚
758 1491 893 1555 cujus
914 1509 1059 1557 supra
1080 1493 1385 1541 meminimus
1398 1530 1412 1557 ‚
1430 1492 1594 1558 ibique
1611 1492 1817 1541 admira-

390 1567 477 1617 bili
508 1568 865 1634 pulchritudine
899 1570 1021 1617 calix
1054 1571 1353 1635 crystallinus
1384 1570 1669 1619 habebatur.
1708 1573 1818 1617 Acta

391 1663 506 1695 vero
530 1645 741 1712 quadam
765 1647 1087 1710 solemnitate,
1114 1649 1233 1696 dum
1251 1665 1338 1714 per
1356 1646 1694 1701 diaconumad
1714 1663 1819 1694 san-

392 1733 523 1772 ctum
547 1724 693 1772 altare
717 1723 983 1787 offerretur,
1015 1725 1202 1791 elapsus
1232 1742 1380 1773 manu
1409 1727 1458 1773 in
1489 1736 1666 1774 terram
1696 1723 1815 1785 ruit,

391 1811 438 1849 et
469 1802 519 1849 in
554 1801 702 1850 frusta
731 1803 1055 1850 comminutus
1079 1813 1164 1850 est.
1199 1806 1254 1851 At
1274 1803 1505 1851 diaconus
1536 1801 1742 1868 pallidus
1772 1810 1819 1848 et

391 1880 639 1944 exsanguis
667 1880 867 1928 collecta
897 1878 1147 1944 diligenter
1170 1881 1433 1945 fragmenta
1471 1870 1650 1929 vasculi
1677 1895 1819 1944 super

392 1958 537 2006 altare
557 1959 740 2023 posuit,
766 1975 867 2005 non
890 1958 1071 2007 diffisus
1088 1959 1221 2024 quod
1241 1977 1352 2006 eum
1370 1959 1518 2024 possit
1528 1958 1678 2006 virtus
1696 1972 1819 2004 mar-

392 2037 506 2100 tyris
533 2037 754 2084 solidare.
787 2038 1005 2101 Denique
1024 2038 1074 2084 in
1093 2038 1286 2102 vigiliis,
1308 2038 1530 2103 lacrymis
1551 2047 1694 2101 atque
1716 2052 1819 2085 ora·

392 2114 523 2162 tione
543 2113 748 2162 deducta
768 2125 910 2162 nocte
924 2154 937 2177 ,
962 2116 1240 2180 requisitum
1265 2117 1461 2166 calicem
1482 2116 1657 2181 reperit
1677 2130 1820 2180 super

392 2192 538 2240 altare
572 2191 845 2240 solidatum.
894 2197 1012 2252 Quae
1048 2195 1198 2242 virtus
1232 2212 1344 2242 cum
1377 2194 1568 2259 populis
1602 2193 1818 2240 nuntiata

393 2269 553 2317 suisset
575 2280 707 2318 tanta
732 2271 918 2318 animos
940 2273 1197 2322 devotione
1224 2272 1471 2320 succendit
1511 2281 1565 2318 ut
1601 2287 1631 2317 a
1668 2286 1818 2318 sacer·

392 2347 504 2394 dote
539 2358 757 2413 peterent
789 2366 917 2397 nova
939 2350 987 2398 in
1023 2351 1262 2398 honorem
1299 2350 1401 2414 ejus
1436 2351 1540 2396 Deo
1586 2348 1817 2412 solemnia

391 2425 637 2474 celebrari.
672 2430 805 2475 Tunc
834 2429 1047 2493 pontifex
1080 2429 1203 2491 loci,
1241 2445 1471 2494 suspenso
1502 2444 1646 2493 super
1671 2427 1817 2474 altare

390 2504 563 2566 calice,
600 2522 656 2552 ex
687 2516 802 2553 tunc
838 2522 981 2570 agens
1017 2517 1064 2555 et
1098 2507 1147 2553 in
1181 2517 1450 2572 posterum,
1489 2523 1575 2572 per
1609 2505 1818 2569 singulos

394 2598 548 2629 annos
566 2582 868 2632 devotissime
890 2584 1006 2632 festa
1030 2585 1231 2633 instituit
1254 2584 1499 2633 celebrari.

386 2815 392 2825 ,
446 2782 501 2829 (¹)
533 2778 593 2818 Sic
613 2790 689 2816 mss
707 2786 802 2817 vett.
819 2800 873 2810 —-
891 2782 947 2830 (2)
965 2782 1024 2818 De
1046 2781 1210 2831 effracto
1225 2785 1361 2830 calice,
1381 2782 1500 2820 2205.
