2002 3418
361 331 439 368 226
766 331 832 368 DE
860 330 1046 368 GLORIA
1073 330 1367 367 MARTYRUM.

359 419 494 480 savit,
514 418 676 467 dicens
701 437 713 466 ε
742 438 765 464 «
793 419 888 477 Qui
907 419 1033 467 hanc
1054 419 1334 466 sententiam
1354 420 1609 484 protulisti,
1626 423 1770 471 debes

357 495 555 543 auferre.
571 514 595 541 »
620 495 861 544 Diaconus
871 512 1002 555 vero,
1018 497 1126 544 licet
1140 496 1368 561 trepidus,
1383 506 1544 545 tamen
1561 498 1772 549 denudat

362 573 630 622 brachium.
650 576 864 639 Cumque
882 574 1038 639 ipsum
1052 574 1243 621 vidisset
1261 575 1514 637 unguentis
1527 574 1771 626 haereticus

359 650 605 716 presbyter
617 651 900 714 delibutum,
911 652 1205 713 exclamavit,
1220 651 1381 698 dicens
1397 669 1407 697 ε
1426 671 1449 694 (ε
1463 653 1652 716 Magicis
1664 656 1772 703 arti-

355 727 448 777 bus
460 739 505 776 te
520 729 782 778 elitandum
800 729 990 795 putasti,
1013 739 1066 777 ut
1084 729 1183 777 haec
1199 739 1443 792 unguenta
1461 729 1768 794 diffunderes,

355 822 444 854 nec
455 806 684 854 valebunt
703 807 791 855 ista
813 823 918 872 quae
935 807 1048 871 agis.
1069 826 1091 851 n
1108 807 1191 855 His
1206 807 1271 854 ita
1284 806 1592 870 litigantibus,
1608 824 1772 873 super·

354 885 485 933 venit
507 885 739 935 diaconus
761 885 824 934 ab
842 884 962 933 urbe
984 887 1208 932 Ravenna
1223 922 1236 945 ,
1263 885 1522 933 Jacinctus¹
1547 886 1767 949 nomine3

356 963 690 1028 sciscitansque
717 980 822 1028 quae
851 972 972 1012 esset
1000 963 1102 1012 haec
1134 964 1376 1012 altercatio
1393 1001 1406 1026 ‚
1441 973 1496 1011 ut
1525 965 1772 1013 veritatem

356 1042 600 1105 cognovit,
620 1058 710 1089 nec
725 1052 954 1104 moratus,
976 1051 1186 1091 extracto
1203 1058 1233 1091 a
1246 1043 1536 1090 vestimentis
1548 1041 1768 1105 brachio,

356 1119 407 1166 in
429 1134 615 1167 aeneum
638 1118 881 1167 dexteram
899 1120 1084 1183 mergit.
1110 1119 1321 1167 Annulus
1343 1120 1472 1167 enim
1493 1120 1577 1183 qui
1597 1120 1773 1184 ejectus

356 1195 508 1244 fuerat
545 1205 647 1244 erat
675 1195 815 1244 valde
844 1196 960 1244 levis
987 1212 1044 1244 ac
1071 1195 1320 1261 parvulus,
1352 1211 1442 1243 nec
1466 1196 1626 1244 minus
1650 1196 1772 1244 fere·
1850 1192 1851 1197 ’

353 1271 496 1321 batur
525 1272 587 1321 ab
632 1272 765 1321 unda
808 1289 954 1337 quam
987 1282 1132 1320 vento
1159 1272 1310 1338 possit
1340 1270 1450 1319 ferri
1489 1271 1564 1319 vel
1594 1272 1731 1337 palea
1757 1290 1769 1318 ε

357 1365 502 1413 quem
539 1350 624 1398 diu
663 1350 965 1414 multumque
1006 1349 1254 1414 quaesitum
1298 1348 1422 1397 infra
1456 1348 1598 1395 unius
1642 1348 1773 1397 horae

354 1429 563 1493 spatium
605 1429 794 1494 reperit.
845 1427 1201 1476 Accendebatur
1241 1427 1422 1475 interea
1468 1426 1774 1474 vehementer

355 1505 488 1554 focus
519 1506 597 1554 ille
625 1505 714 1554 su'b
742 1505 875 1554 dolio
889 1544 903 1568 ,
934 1522 1032 1570 quo
1062 1504 1264 1553 validius
1295 1505 1479 1552 fervens
1506 1519 1606 1551 non
1639 1503 1773 1552 facile

355 1584 540 1648 assequi
561 1584 709 1649 possit
731 1583 937 1631 annulus
957 1599 987 1631 a
1006 1599 1154 1631 manu
1184 1582 1458 1647 quaerenti-s,
1490 1589 1772 1628 extractum-

357 1677 450 1724 que
475 1660 698 1723 tandem‚
736 1660 856 1707 nihil
886 1660 1117 1708 diaconus
1138 1659 1282 1707 sensit
1302 1659 1352 1706 in
1376 1674 1520 1706 carne
1541 1673 1626 1705 sua
1652 1675 1664 1704 ε
1689 1657 1772 1704 sed

355 1739 514 1803 potius
531 1747 819 1804 protestatur
831 1738 882 1785 in
897 1738 995 1785 imo
1009 1737 1204 1802 quidem
1223 1737 1445 1801 frigidum
1456 1752 1555 1784 esse
1566 1751 1768 1796 aeneum,

355 1817 405 1863 in
441 1816 709 1864 summitate
733 1832 849 1864 vero
873 1816 1083 1863 calorem
1112 1815 1288 1881 teporis
1320 1814 1497 1861 modici
1521 1813 1771 1861 continen-

355 1902 469 1940 tem.
496 1894 640 1952 Quod
661 1910 861 1942 cernens
877 1893 1147 1955 haereticus,
1173 1892 1311 1940 valde
1339 1890 1546 1945 confisus
1557 1893 1587 1952 ²,
1614 1891 1773 1954 injecit

357 1969 514 2018 audax
534 1987 733 2019 manum
757 1972 808 2019 in
830 1987 982 2031 aeneo,
1004 1970 1167 2018 dicens
1188 1988 1198 2017 z
1230 1989 1253 2015 «
1275 1968 1651 2018 Praestabit-mihi
1672 1968 1774 2016 haec

357 2047 474 2096 fides
498 2065 621 2098 mea.
655 2070 679 2094 »
707 2050 885 2114 Injecta
901 2060 1072 2111 manu,
1097 2049 1316 2114 protinus
1330 2064 1479 2112 usque
1497 2046 1560 2095 ad
1581 2047 1684 2112 ipsa
1701 2063 1775 2094 os-

333 2192 336 2194 v
358 2128 481 2175 sium
502 2128 773 2178 internodia
794 2130 951 2178 omnis
972 2126 1084 2177 caro
1108 2128 1361 2193 liquefacta
1376 2126 1599 2188 defluxit,
1632 2135 1678 2172 et
1706 2125 1774 2173 sic

359 2205 601 2255 altercatio
626 2206 770 2255 finem
793 2206 902 2255 fecit
920 2209 950 2253 ³.
1096 2208 1098 2212 ’

412 2426 466 2473 (1)
494 2426 615 2465 2205.
634 2428 846 2466 Jacinthus.

411 2484 465 2538 (2)
493 2489 585 2526 Haec
611 2487 723 2527 nobis
750 2501 843 2527 vera
871 2487 984 2526 lectio
1013 2487 1184 2535 videtur,
1213 2500 1433 2538 quanquam
1462 2499 1595 2526 omnes
1619 2495 1658 2525 et
1679 2498 1770 2525 mss.

358 2554 395 2584 et
411 2547 501 2586 editi
520 2550 670 2590 codices
688 2550 802 2590 istum
820 2551 1011 2600 confusum
1026 2562 1106 2588 non
1121 2549 1305 2588 confisum
1324 2549 1438 2588 fuisse
1453 2549 1673 2602 praedicent.

410 2613 464 2659 (3)
494 2613 586 2651 Vide
601 2626 688 2665 cap.
712 2627 778 2652 xxv
795 2613 862 2652 lib.
887 2613 935 2650 de
953 2612 1083 2651 Gloria
1100 2613 1210 2652 Conf.
