2002 3418
383 389 433 425 52
779 388 846 424 DE
874 388 1060 425 GLORIA
1088 387 1384 424 MARTYRUM.

381 474 464 521 nio
497 473 596 521 duo
629 484 919 537 consurgunt
952 474 1105 522 fontes
1139 491 1345 539 quorum
1378 490 1503 520 unus
1534 475 1615 520 Jor
1630 510 1643 534 ‚
1673 473 1791 521 alter

380 555 485 599 Dan
503 553 736 600 vocitatur
762 570 772 598 ε
799 553 881 617 qui
905 551 967 599 ab
991 562 1191 615 utraque
1212 561 1343 616 parte
1369 550 1618 599 Phaniadae
1639 551 1787 614 urbis,

379 647 483 694 quae
503 631 633 696 prius
655 633 863 678 Caesarea
888 630 1093 695 Philippi
1115 630 1375 678 vocabatur
1392 667 1404 691 ‚
1432 629 1787 692 descendentes,

378 708 466 755 sub
491 709 593 773 ipsa
616 708 736 756 urbe
766 719 864 756 tam
902 708 1090 754 fluentis
1117 708 1387 772 conjuncti,
1420 723 1566 771 quam
1595 708 1791 754 nomine

376 803 502 848 uno,
532 786 790 834 Jordanem
819 785 1052 847 efficiunt,
1089 786 1171 848 qui
1199 802 1349 849 usque
1381 785 1604 832 Hiericho
1627 785 1790 832 civita-

376 872 471 909 tem
503 873 550 909 et
578 863 699 909 ultra
725 862 906 909 defluit.
947 865 1000 909 In
1025 878 1084 909 eo
1106 862 1308 910 habetur
1328 863 1463 909 locus
1485 863 1535 909 in
1567 878 1664 926 quo
1698 865 1793 909 Do-

374 940 531 986 minus
552 939 816 1005 baptizatus
837 949 922 986 est.
952 942 1005 986 ln
1028 956 1128 986 uno
1150 941 1325 987 etenim
1347 940 1523 987 reflexu
1545 956 1670 1004 aqua
1691 940 1792 1005 ipsa

373 1017 652 1076 revolvitur,
684 1017 734 1062 in
756 1033 852 1079 qua
873 1033 1002 1063 nunc
1025 1017 1200 1081 leprosi
1228 1016 1537 1064 mundantur.
1568 1021 1688 1064 Cum
1710 1033 1792 1064 au-

372 1102 470 1140 tem
491 1093 769 1140 advenerint
783 1130 795 1154 ,
820 1093 987 1158 saepius
1002 1094 1220 1140 lavantur
1241 1094 1289 1140 in
1311 1094 1530 1155 flumine,
1551 1094 1705 1142 donec
1728 1093 1790 1141 ab

373 1169 644 1218 infirmitate
680 1180 958 1235 purgentur.
997 1172 1068 1216 De
1105 1169 1300 1234 publico
1338 1180 1497 1217 tamen
1511 1208 1524 1232 ‚
1566 1171 1683 1218 dum
1724 1171 1791 1218 ibi

375 1247 657 1295 commorati
684 1246 881 1307 fuerint,
917 1247 1096 1293 victum
1123 1247 1390 1311 accipiunt;
1421 1247 1572 1294 sanati
1602 1257 1759 1295 autem
1775 1285 1788 1309 ,

374 1323 435 1370 ad
453 1325 647 1390 propria
665 1323 932 1371 discedunt.
957 1327 1059 1388 lpse
1078 1339 1270 1388 quoque
1285 1326 1308 1369 J
1313 1323 1503 1371 ordanis
1525 1322 1585 1370 ab
1605 1340 1664 1371 eo
1682 1324 1792 1371 loco

373 1401 423 1448 in
445 1402 614 1465 quinto
638 1402 859 1449 milliario
874 1439 886 1463 ‚
914 1401 1034 1448 mari
1058 1401 1342 1448 commixtus
1366 1403 1557 1448 Mortuo
1573 1438 1586 1463 ‚
1614 1418 1790 1448 nomen

373 1479 559 1525 amittit.
586 1481 715 1526 Mare
736 1480 866 1526 enim
888 1481 1130 1525 Mortuum
1153 1478 1217 1525 ob
1239 1478 1335 1525 hoc
1357 1477 1552 1540 dicitur,
1577 1494 1636 1525 eo
1659 1478 1792 1542 quod

372 1554 433 1602 ab
453 1556 676 1602 incendio
697 1555 916 1602 Sodomae
933 1556 1007 1603 vel
1026 1555 1317 1619 reliquarum
1337 1554 1531 1602 urbium
1552 1566 1621 1603 est
1642 1573 1792 1604 versa-

371 1642 474 1679 tum
489 1670 502 1693 ‚
528 1642 574 1678 et
596 1648 720 1696 aqua
742 1633 844 1697 ipsa
866 1633 1082 1698 asphalto
1104 1634 1336 1698 permixta
1353 1643 1424 1680 est
1447 1651 1457 1679 :
1478 1633 1607 1681 unde
1624 1650 1652 1681 a
1673 1650 1792 1680 non-

372 1711 513 1757 nullis
551 1727 681 1758 mare
719 1710 927 1775 Asphalti
966 1711 1258 1776 appellatum
1299 1712 1350 1757 in
1384 1727 1481 1774 quo
1513 1712 1595 1775 qui
1629 1721 1792 1759 natare

372 1789 538 1848 nescit,
564 1805 706 1853 super
734 1804 908 1852 aquam
936 1788 1098 1850 fertur,
1133 1797 1179 1836 et
1200 1789 1326 1836 circa
1348 1805 1461 1836 eum
1485 1788 1685 1854 sulphur
1714 1787 1794 1836 ad-

371 1864 530 1911 haeret.

923 2008 1078 2044 CAPUT
1103 2008 1244 2043 XVIII.

858 2138 910 2172 De
930 2137 1029 2184 aquis
1045 2137 1185 2174 Levidae
1200 2137 1310 2172 urbis.

439 2267 558 2312 Sunt
582 2275 740 2312 autem
766 2275 813 2312 et
844 2266 906 2313 ad
930 2266 1156 2314 Levidam
1178 2266 1416 2313 civitatem
1444 2280 1578 2328 aquae
1600 2263 1785 2325 calidae,

371 2342 422 2387 in
453 2341 627 2405 quibus
649 2345 779 2390 Jesus
802 2346 929 2390 Nave
951 2343 1107 2390 lavare
1131 2343 1294 2390 solitus
1316 2351 1437 2403 erat3
1469 2341 1553 2387 ubi
1577 2341 1790 2388 similiter

373 2417 549 2482 leprosi
568 2419 862 2466 mundantur
889 2435 901 2465 ε
926 2428 996 2465 est
1011 2428 1170 2465 autem
1201 2417 1263 2464 ab
1290 2417 1510 2464 Hiericho
1534 2416 1788 2464 duodecim

372 2495 535 2542 millia.
570 2499 723 2562 Prope
756 2506 916 2544 autem
949 2495 1170 2542 Hiericho
1201 2494 1440 2543 habentur
1460 2494 1654 2542 arbores
1685 2509 1791 2558 quae

372 2573 505 2620 lanas
522 2575 735 2637 gignunt.
763 2573 1002 2621 Exhibent
1022 2574 1151 2620 enim
1168 2590 1314 2638 poma
1335 2573 1386 2620 in
1405 2572 1606 2620 modum
1626 2587 1791 2619 cucur-

372 2650 580 2698 bitarum
597 2689 610 2714 ‚
630 2662 770 2700 testas
786 2653 836 2699 in
856 2652 1052 2699 circuitu
1069 2651 1299 2698 habentes
1317 2651 1461 2698 duras
1475 2689 1488 2713 ,
1510 2650 1789 2697 intrinsecus

375 2737 535 2776 autem
566 2729 709 2793 plena
733 2739 845 2777 sunt
881 2729 1008 2776 lana.
1048 2732 1107 2775 Et
1133 2728 1194 2775 de
1226 2728 1302 2775 his
1338 2729 1482 2777 etiam
1515 2727 1671 2775 ferunt
1699 2724 1789 2790 ipsi

374 2807 484 2852 Jesu
505 2808 632 2853 Nave
650 2806 800 2853 solere
817 2805 918 2852 fieri
930 2804 1226 2853 indumenta.
1247 2804 1339 2853 Sed
1355 2814 1403 2852 et
1418 2803 1656 2867 hodieque
1674 2802 1790 2848 tales

374 2881 598 2930 exhibent
634 2883 793 2945 lanaS,
830 2899 887 2930 ex
919 2882 1094 2947 quibus
1117 2900 1206 2931 nos
1231 2899 1260 2931 a
1295 2880 1582 2947 quibusdam
1612 2879 1789 2926 delatas
