2002 3418
427 367 477 404 20
831 369 897 405 DE
926 368 1113 407 GLORIA
1138 370 1436 408 MARTYRUM.

429 464 585 503 nautae
612 454 958 504 sanctificatum
994 473 1125 504 mare
1161 468 1464 520 venerantur,
1502 474 1614 505 cum
1648 459 1842 523 ingressi

426 533 599 581 fuerint
617 571 630 596 ,
648 534 839 599 jejuniis
854 572 866 596 ‚
893 535 1283 600 orationibusque
1305 547 1353 583 et
1377 537 1626 602 psallentio
1649 548 1837 586 vacant.

484 613 741 661 Clavorum
771 630 883 677 ergo
910 615 1274 661 Dominicorum
1306 616 1452 678 gratia
1482 615 1615 679 quod
1637 626 1842 679 quatuor

420 690 620 753 suerint,
649 691 752 739 haec
777 702 847 739 est
876 692 996 739 ratio
1022 710 1032 738 ε
1060 691 1158 739 duo
1192 702 1303 740 sunt
1325 692 1453 741 affixi
1486 693 1536 740 in
1565 693 1759 758 palmis,
1795 703 1843 742 et

418 768 518 816 duo
552 769 603 816 in
633 770 807 835 plantis
830 787 840 816 ε
863 779 910 816 et
945 770 1171 834 quaeritur
1201 787 1286 817 cur
1322 771 1494 836 plantae
1525 770 1676 818 affixae
1710 771 1805 819 sint
1823 808 1837 833 ,

415 864 520 911 quae
545 849 596 895 in
622 865 762 896 cruce
786 858 948 897 sancta
969 848 1238 914 dependere
1265 849 1375 896 visae
1397 850 1491 896 sint
1512 850 1672 914 potius
1693 865 1840 913 quam

412 927 567 973 stare?
611 926 705 973 Sed
734 926 786 972 in
813 926 969 991 stipite
999 936 1157 973 erecto
1187 926 1401 974 foramen
1434 927 1612 974 factum
1645 916 1841 975 manife-

411 1012 538 1049 stum
560 1013 646 1050 est.
672 1006 760 1050 Pes
781 1019 974 1068 quoque
999 1004 1207 1069 parvulae
1227 1003 1399 1051 tabulae
1427 1004 1479 1051 in
1501 1003 1597 1051 hoc
1621 1003 1838 1051 foramen

412 1080 614 1127 insertus
635 1091 730 1141 est;
755 1097 897 1145 super
919 1081 1046 1128 hanc
1063 1098 1179 1128 vero
1199 1081 1412 1130 tabulam
1425 1119 1439 1144 ‚
1464 1091 1694 1147 tanquam
1713 1091 1839 1130 stan·

413 1157 472 1204 tis
493 1158 704 1204 hominis
727 1174 869 1205 sacrae
891 1157 1040 1206 affixae
1057 1169 1168 1206 sunt
1185 1159 1373 1224 plantae.

459 1234 712 1293 'Quaeritur
730 1236 876 1283 etiam
896 1236 1014 1299 quid
1031 1236 1090 1283 de
1105 1237 1181 1283 his
1199 1237 1344 1285 clavis
1358 1236 1496 1284 fuerit
1515 1237 1708 1285 factum.
1726 1242 1836 1289 Duo

412 1323 523 1360 sunt
553 1329 675 1377 quos
708 1331 851 1379 supra
873 1314 1078 1361 diximus
1099 1315 1246 1380 aptati
1267 1315 1318 1361 in
1345 1314 1506 1375 sreno3
1540 1316 1705 1363 tertius
1728 1333 1837 1381 pro-

407 1390 559 1454 jectus
575 1391 625 1437 in
649 1391 845 1452 fretum3
870 1401 1093 1455 quartum
1119 1401 1334 1438 asserunt
1349 1408 1448 1439 esse
1464 1391 1742 1445 defixum-in
1762 1410 1836 1442 ca-

406 1469 504 1534 pite
539 1479 700 1516 statuae
733 1470 1055 1531 Constantini,
1097 1486 1201 1533 quae
1231 1470 1418 1517 civitate
1434 1508 1446 1532 ,
1469 1481 1522 1518 ut
1552 1471 1708 1533 aiunt,
1736 1481 1836 1520 tota

411 1547 640 1594 excelsior
671 1564 771 1594 esse
804 1548 1072 1612 suspicitur,
1107 1547 1284 1594 scilicet
1316 1557 1369 1595 ut
1394 1558 1495 1596 tota
1521 1549 1599 1595 cui
1625 1550 1802 1596 eminet
1817 1587 1830 1612 ,

411 1625 677 1673 munitione
698 1626 876 1685 salutis,
901 1625 1114 1689 quodam
1135 1625 1283 1672 modo
1301 1626 1433 1689 galea
1449 1636 1679 1675 coronata
1693 1637 1828 1675 esset.

408 1705 630 1766 Magnam
652 1713 867 1750 asserunt
887 1703 1110 1750 virtutem
1129 1719 1228 1751 esse
1246 1703 1388 1767 hujus
1409 1703 1530 1751 freni
1552 1721 1563 1750 :
1584 1704 1717 1768 quod
1735 1721 1833 1753 am-

409 1779 510 1844 bigi
535 1797 839 1845 nequaquam
869 1791 1026 1846 potest
1041 1818 1054 1843 ‚
1084 1781 1218 1845 quod
1239 1782 1448 1828 Justinus
1468 1782 1727 1847 imperator
1747 1799 1834 1847 pu-

410 1858 535 1906 blice
567 1869 787 1925 expertus
814 1869 885 1906 est
899 1896 912 1921 ‚
940 1876 996 1907 ac
1022 1859 1118 1907 suis
1149 1858 1374 1907 omnibus
1399 1860 1634 1924 patefecit.
1663 1860 1832 1908 lllusus

410 1938 537 1986 enim
569 1955 598 1986 a
632 1937 846 2001 quodam
882 1954 1023 2001 mago
1057 1947 1254 2003 propter
1285 1928 1540 2003 pecuniam
1577 1939 1798 1987 amissam
1813 1976 1827 2001 ,

410 2033 528 2081 quas
561 2015 652 2064 sibi
680 2016 910 2063 daemonis
945 2015 1120 2064 umbra
1154 2015 1474 2064 intolerabiles
1507 2033 1595 2082 per
1626 2016 1831 2065 duarum

411 2095 647 2143 curricula
680 2083 896 2142 noctium
929 2094 1162 2141 intulisset
1203 2093 1430 2143 indicavit
1463 2094 1659 2143 insidias
1691 2112 1702 2142 :
1745 2095 1829 2144 sed

410 2190 523 2221 cum
542 2174 681 2221 tertia
702 2182 844 2220 nocte
869 2172 1058 2220 frenum
1083 2172 1226 2238 capiti
1248 2173 1547 2236 collocasset,
1577 2173 1740 2221 locum
1759 2173 1830 2221 in-

409 2252 614 2300 sidiandi
635 2252 856 2310 inimicus
873 2251 998 2299 ultra
1015 2268 1116 2299 non
1136 2251 1307 2299 habuit
1319 2290 1332 2314 ,
1357 2262 1691 2318 repertumque
1712 2266 1825 2301 auc·

407 2339 561 2378 torem
585 2329 866 2378 insidiarum
883 2328 1041 2393 gladio
1063 2329 1280 2394 perculit.

473 2407 620 2455 Nobis
641 2425 755 2456 vero
777 2424 883 2472 quae
903 2408 962 2454 sit
981 2407 1129 2454 virtus
1150 2407 1265 2470 ligni
1285 2406 1426 2470 hujus
1441 2405 1538 2454 hoc
1561 2407 1711 2456 modo
1728 2425 1827 2458 ma-

406 2485 677 2533 nifestatum
714 2495 800 2533 est.
845 2485 1044 2532 Advenit
1076 2484 1274 2549 quidam
1308 2485 1391 2549 qui
1430 2484 1571 2533 nobis
1598 2485 1826 2550 pallulam

402 2565 721 2612 holosericam
742 2562 880 2611 valde
905 2573 1139 2610 vetustam
1176 2562 1415 2624 exhibuit,
1451 2563 1614 2611 dicens
1635 2562 1697 2612 ab
1731 2564 1824 2612 hac

402 2644 454 2690 in
490 2632 829 2706 Hierosolymis
879 2658 1072 2688 crucem
1117 2642 1312 2688 Domini
1359 2642 1624 2690 involutam
1661 2642 1818 2690 fuisse.

402 2719 546 2778 Quod
567 2736 679 2767 cum
709 2719 839 2785 apud
862 2719 1170 2766 rusticitatem
1197 2728 1410 2767 nostram
1435 2719 1712 2767 incredibile
1733 2719 1830 2778 hae

399 2797 594 2845 beretur
607 2834 621 2858 ,
651 2813 706 2844 ac
734 2796 1017 2844 rimaremur
1044 2795 1239 2843 sollicite
1263 2796 1394 2844 unde
1417 2797 1462 2844 ei
1488 2806 1620 2846 tanta
1641 2795 1821 2845 ibidem

401 2875 560 2923 fuisset
589 2874 736 2939 gratia
756 2883 811 2920 ut
838 2874 926 2921 ista
951 2873 1223 2935 meruisset,
1249 2889 1361 2920 cum
1389 2874 1591 2922 sciamus
1611 2874 1662 2921 in
1689 2883 1820 2921 tem-
