2002 3418
339 336 416 374 328
641 338 706 374 DE
734 338 998 376 MIRACULIS
1027 338 1197 377 SANCTI
1223 339 1432 376 JULIANI.

337 427 502 491 ripuit,
542 427 667 475 fama
699 427 919 490 vulgante
950 427 1081 491 quod
1102 428 1150 474 in
1184 427 1376 475 basilica
1402 438 1554 475 essent
1576 429 1740 476 incolae

337 520 446 551 cum
481 504 639 552 multis
673 504 902 553 thesauris
935 505 1145 553 adunati.
1179 507 1393 569 Cumque
1425 506 1745 571 pervenissent

335 581 398 629 ad
417 581 602 640 locum,
641 582 888 636 inveniunt
919 580 1270 629 multitudinem
1304 582 1562 646 promiscui
1583 599 1741 644 sexus,

336 658 563 707 obseratis
587 659 716 708 ostiis
731 697 744 721 ,
781 661 831 707 in
865 660 1043 725 templo
1079 661 1181 725 ipso
1215 675 1326 706 cum
1357 660 1559 725 propriis
1593 659 1747 725 facul-

335 735 508 785 tatibus
537 736 757 785 residere.
796 739 1012 801 Cumque
1047 738 1221 784 intrare
1252 754 1351 784 non
1382 747 1597 802 possent,
1622 728 1746 784 unus

334 813 576 862 effractam
602 831 690 862 ceu
718 814 792 861 fur
817 815 867 861 in
890 815 1056 862 altario
1088 825 1251 862 sancto
1279 813 1530 861 fenestram
1550 814 1747 862 vitream

334 892 610 956 ingreditur,
638 893 751 959 quia
777 893 860 955 qui
882 909 983 939 non
1014 893 1157 939 intrat
1187 909 1273 958 per
1298 892 1496 956 januam
1517 892 1597 939 hic
1625 892 1746 939 latro

334 980 403 1017 est
426 987 436 1016 z
461 969 659 1030 dehinc,
685 970 900 1016 reseratis
921 968 1033 1016 aedis
1054 969 1179 1016 illius
1203 969 1346 1016 valvis
1360 1007 1372 1030 ‚
1399 970 1655 1016 exercitum
1678 970 1749 1016 in-

334 1046 570 1094 tromittit.
591 1046 645 1092 At
662 1045 729 1092 illi
751 1045 986 1110 direptam
1004 1056 1225 1095 cunctam
1242 1062 1507 1111 pauperum
1526 1047 1750 1112 supellec-

335 1124 484 1185 tilem,
508 1139 620 1170 cum
646 1123 872 1170 ministris
889 1123 1033 1188 ipsius
1058 1122 1279 1184 basilicae,
1301 1124 1534 1187 reliquum
1557 1140 1749 1188 quoque

334 1199 569 1264 populum
590 1200 673 1263 qui
698 1200 820 1248 infra
842 1210 942 1248 erat
961 1199 1186 1247 eductum
1214 1199 1326 1246 foris
1343 1199 1602 1248 diviserunt
1618 1201 1748 1248 haud

334 1277 502 1341 procul
540 1293 568 1324 a
602 1277 726 1324 vico.
756 1281 871 1336 Quae
906 1294 1018 1325 cum
1053 1278 1115 1324 ad
1146 1293 1305 1340 regem
1340 1276 1494 1324 delata
1527 1277 1745 1340 fuissent,

262 1361 270 1375 “
335 1354 708 1419 comprehensos
735 1372 792 1402 ex
822 1356 896 1402 his
926 1355 1111 1419 aliquos
1142 1354 1337 1402 diversis
1368 1354 1602 1403 mortibus
1634 1372 1752 1404 con-

335 1431 594 1479 demnavit.
617 1433 817 1497 Fugiens
829 1449 943 1480 vero
960 1433 1054 1494 ille,
1083 1433 1165 1496 qui
1185 1433 1365 1497 irrupta
1385 1431 1484 1480 aede
1506 1442 1648 1498 caput
1666 1432 1753 1481 fuit

333 1507 476 1572 hujus
500 1509 708 1570 sceleris,
730 1510 838 1572 igne
861 1510 921 1557 de
937 1511 1058 1558 'coelo
1082 1509 1276 1575 delapso
1300 1520 1611 1575 consumptus
1631 1512 1751 1559 inte-

337 1587 414 1633 riit
434 1604 444 1633 :
468 1602 610 1651 super
627 1603 772 1650 quem
792 1603 903 1634 cum
923 1588 1061 1634 multi
1083 1602 1305 1634 acervum
1327 1587 1541 1652 lapidum
1560 1605 1754 1653 congre-

338 1670 544 1723 gassent,
568 1675 597 1706 a
613 1660 830 1706 tonitruis
850 1671 897 1707 et
917 1659 1326 1708 coruscationibus
1343 1660 1551 1708 detectus
1569 1671 1754 1711 terrena

339 1737 490 1783 caruit
522 1737 777 1801 sepultura.
818 1731 911 1800 Qui
947 1753 1061 1784 vero
1099 1737 1159 1784 de
1200 1739 1530 1785 consentaneis
1557 1739 1753 1788 latentes

338 1830 496 1879 regem
518 1815 569 1861 in
594 1815 747 1879 patria
767 1824 877 1862 sunt
897 1815 1121 1878 regressi,
1156 1818 1360 1881 correpti
1392 1834 1420 1865 a
1445 1816 1661 1865 daemone
1686 1818 1754 1865 di-

339 1894 485 1941 versis
518 1893 720 1941 exitibus
750 1893 878 1941 hanc
907 1895 1054 1941 vitam
1087 1895 1339 1943 crudeliter
1373 1896 1611 1943 finierunt.
1646 1899 1755 1944 Haec

340 1970 538 2018 audiens
571 1988 653 2018 rex
679 1971 843 2018 omnia
876 1983 981 2036 quae
1012 1971 1183 2019 exinde
1214 1982 1325 2020 sunt
1348 1972 1506 2020 ablata
1527 1972 1749 2020 reddidit.

342 2050 630 2114 Praeceperat
647 2049 776 2096 enim
793 2064 853 2095 ne
872 2049 923 2095 in
941 2049 1144 2114 septimo
1163 2064 1191 2096 a
1207 2048 1401 2098 basilica
1418 2049 1634 2098 milliario
1650 2050 1755 2114 quis

341 2125 439 2171 vim
459 2125 667 2173 inferret.

908 2190 1064 2226 CAPUT
1087 2191 1191 2226 XIV.

846 2274 899 2308 De
922 2269 1101 2320 sigivaldo
1116 2285 1317 2320 pervasore.

358 2328 367 2336 ,
409 2345 541 2390 Tunc
559 2343 855 2408 Sigiwaldus¹
874 2360 984 2390 cum
1001 2359 1109 2406 rege
1127 2352 1394 2407 praepotens
1409 2358 1520 2389 cum
1539 2334 1671 2388 omni
1689 2342 1757 2390 fa-

347 2421 475 2467 milia
497 2437 581 2468 sua
603 2423 653 2468 in
678 2424 885 2468 Arverna
909 2421 1102 2483 regione
1127 2436 1182 2466 ex
1214 2420 1334 2482 regis
1354 2420 1487 2483 jussu
1505 2420 1723 2482 migravit
1742 2437 1752 2465 :

347 2497 448 2556 ubi,
487 2499 602 2547 dum
642 2500 903 2546 multorum
942 2514 1015 2544 res
1055 2498 1225 2561 injuste
1263 2506 1567 2562 competeret,
1598 2497 1758 2545 villam

348 2575 624 2640 quamdam,
641 2593 786 2641 quam
800 2575 1011 2639 gloriosae
1023 2574 1262 2622 memoriae
1279 2574 1520 2622 Tetradius
1530 2577 1560 2637 ¹,
1581 2570 1767 2640 episco->
1781 2599 1783 2601 ·

403 2703 456 2749 (1)
474 2704 722 2754 Sigivoaldus‚
743 2703 812 2742 etsi
828 2703 868 2742 in
887 2701 1115 2755 praecedenti
1133 2678 1258 2754 capite
1273 2704 1460 2754 S1‘g1‘valdi
1467 2717 1483 2748 ;
1505 2703 1623 2741 2204.

405 2766 459 2813 (Ξ)
477 2766 651 2812 luter-fuit
673 2766 835 2804 concilio
852 2764 1057 2817 Agathensi
1077 2778 1140 2803 an.
1162 2767 1254 2812 507,
1275 2774 1313 2804 et
1330 2765 1524 2804 Aurelian.
1545 2779 1575 2813 1,
1596 2777 1646 2803 an
1665 2765 1756 2803 511.
1787 2804 1797 2819 b

351 2830 407 2865 De
426 2840 472 2866 eo
492 2828 695 2867 Bollandus
714 2829 774 2867 die
796 2831 845 2867 16
860 2828 1054 2868 februarii.
1075 2828 1154 2880 (R.)
