2002 3418
325 285 402 322 162
730 283 796 319 DE
822 281 1010 319 GLORIA
1039 282 1337 319 MARTYRUM.

323 370 474 419 fuerat
494 371 669 418 securis
690 357 909 418 acumen.
932 370 1043 432 Sed,
1058 387 1117 417 ne
1135 387 1339 435 praesens
1357 371 1476 418 visio
1491 370 1741 418 duceretur

321 447 372 495 in
395 447 596 509 irritum,
618 448 761 495 etiam
783 447 1034 513 spiritualis
1051 447 1152 494 haec
1177 448 1395 495 doctrina
1415 448 1736 508 commonuit,

322 525 498 574 scilicet
514 543 626 573 cum
642 526 857 591 sequenti
873 535 1013 572 nocte
1030 525 1299 573 stravissent
1315 524 1580 572 sacerdotes
1591 540 1741 571 mem-

320 603 410 653 bra
439 605 612 670 quieti,
646 604 865 670 apparuit
890 620 976 669 per
1000 604 1156 651 visum
1185 603 1261 650 his
1292 602 1510 665 duobus,
1539 601 1736 649 dicens:

326 701 351 726 κ
379 681 658 729 Cicatricem
679 697 825 745 quam
846 681 1155 746 contemplati
1177 681 1285 728 estis
1306 681 1353 727 in
1377 681 1549 746 capite,
1577 678 1741 727 scitote

321 775 399 806 me
413 776 499 824 per
511 775 619 807 eam
636 759 916 823 martyrium
930 774 1300 805 consummasse.
1319 777 1342 802 υ
1357 761 1415 805 Et
1431 774 1488 805 ex
1501 757 1598 804 hoc
1610 754 1759 820 quod-

322 846 500 901 martyr
517 847 637 884 esset
657 836 865 884 innotuit
886 835 1093 901 populis,
1112 835 1224 899 quia
1242 852 1342 882 non
1363 835 1529 884 aderat
1543 833 1743 882 historia

320 914 568 980 passionis.

877 1016 1034 1051 CAPUT
1060 1017 1179 1052 LVII.

814 1112 868 1145 De
882 1119 1005 1146 sancto
1021 1111 1242 1147 Amarando.

387 1205 687 1254 Amarandus
721 1215 882 1253 autem
919 1215 1099 1270 martyr
1135 1205 1266 1271 apud
1303 1205 1604 1269 Albigensem
1620 1209 1632 1232 ¹
1668 1224 1747 1254 ur·

320 1281 453 1345 bem,
478 1292 645 1331 exacto
673 1283 838 1346 agonis
857 1282 1009 1330 fidelis
1029 1300 1188 1345 curm,
1210 1283 1420 1348 sepultus
1439 1282 1556 1329 vivit
1570 1283 1621 1329 in
1643 1283 1744 1346 glo-

321 1361 392 1408 ria
404 1363 434 1407 ².
461 1360 631 1425 Cujus,
661 1370 715 1407 ut
738 1360 936 1408 historia
956 1361 1189 1426 passionis
1217 1360 1447 1423 declarat,
1477 1361 1745 1426 sepulcrum

322 1437 407 1485 diu
426 1437 651 1504 vepribus
682 1438 1014 1503 sentibusque³
1035 1449 1307 1486 contectum
1329 1439 1490 1499 latuit;
1518 1439 1627 1501 sed,
1651 1441 1747 1485 Do-

322 1516 456 1563 mino
487 1515 703 1580 jubente,
741 1516 1005 1564 christianis
1037 1517 1228 1582 populis
1259 1517 1520 1564 revelatum
1556 1527 1649 1579 est,
1699 1527 1747 1564 et

322 1603 488 1658 crypta
522 1594 573 1640 in
607 1610 703 1659 qua
734 1594 1007 1658 quiescebat
1039 1595 1273 1660 patefacta
1305 1594 1612 1660 resplenduit.
1652 1595 1746 1642 Sed

325 1688 455 1733 cum,
476 1671 733 1719 hostilitate
751 1672 1040 1737 impellente,
1062 1672 1197 1720 locus
1216 1673 1293 1720 ille
1318 1672 1379 1719 ab
1398 1672 1746 1721 habitatoribus

326 1748 486 1797 suisset
518 1760 789 1812 evacuatus,
824 1767 854 1797 a
877 1751 1143 1814 longinquo
1185 1750 1426 1797 venientes
1459 1750 1627 1798 incolae
1655 1750 1745 1797 ho-

330 1844 500 1874 norem
519 1826 663 1875 beato
692 1828 887 1892 martyri
920 1828 1055 1892 quasi
1085 1828 1271 1875 custodi
1299 1829 1496 1894 proprio
1533 1828 1746 1876 niteban-

330 1914 408 1951 tur
427 1905 721 1970 impendere.
754 1906 917 1968 Igitur,
943 1922 1055 1952 cum
1076 1922 1239 1953 cereos
1262 1905 1532 1969 frequenter
1552 1905 1745 1954 devotio

329 1981 585 2029 christiana
619 1981 844 2044 deferret,
882 1981 1092 2046 quadam
1114 1983 1190 2029 die
1221 1983 1420 2047 contigit
1451 1993 1505 2030 ut
1527 1983 1741 2047 quidam,

324 2075 421 2123 prae
463 2059 809 2123 longinquitate
844 2060 1023 2107 itineris
1042 2098 1055 2122 ,
1097 2061 1446 2108 incrementum
1483 2062 1605 2125 ignis
1648 2079 1745 2127 quo

325 2135 666 2183 accenderetur
713 2153 877 2184 cereus
925 2154 1025 2184 non
1078 2136 1337 2184 exhiberet.
1401 2141 1745 2204 Arreptumque

325 2215 506 2262 silicem
540 2213 665 2263 ferro
695 2214 916 2262 verberat
951 2215 1084 2279 quasi
1109 2216 1267 2278 ignem
1297 2215 1537 2263 eliciturus
1568 2235 1589 2262 ε.
1613 2218 1742 2282 quod

327 2291 446 2339 dum
459 2292 635 2357 ag’eret,
657 2303 720 2355 et,
743 2292 920 2339 crebris
940 2292 1113 2339 ictibus
1132 2292 1339 2356 lapidem
1361 2294 1601 2356 quatiens,
1627 2295 1747 2343 nihil

328 2368 422 2416 foci
450 2380 610 2434 posset
638 2379 873 2429 excutere,
898 2369 1073 2417 coelesti
1095 2369 1316 2434 lampade
1338 2387 1518 2434 cereus,
1543 2372 1627 2436 qui
1644 2372 1746 2437 Jam

381 2587 437 2633 (1)
455 2583 705 2635 Albigensim‚
725 2584 845 2631 2204,
865 2596 978 2635 supp.
1004 2585 1097 2622 478.
1128 2623 1131 2624 ⁷

380 2648 437 2694 (2)
455 2648 531 2684 An.
554 2648 649 2694 250,
673 2649 696 2685 7
715 2658 809 2684 nov.
829 2643 911 2698 (R.)

386 2711 441 2763 (3)
466 2711 539 2750 Ed.
557 2711 792 2762 sepibusque.
813 2710 893 2763 (R.)
911 2733 966 2765 ἡ
988 2711 1116 2750 Prinio
1143 2713 1292 2763 sepibus
1318 2728 1389 2754 ms,
1423 2717 1528 2754 2204
1557 2714 1742 2763 habebat3

329 2774 417 2813 dein
436 2773 601 2812 sentibus
618 2787 641 2812 a
660 2774 844 2826 scriptore
862 2782 1076 2812 correctum
1095 2784 1166 2816 est.
