2002 3418
294 376 370 413 238
699 379 765 416 DE
794 380 978 419 GLORIA
1006 380 1302 419 MARTYRUM.

293 461 530 524 humanos
553 466 720 531 aptari.
755 469 810 514 At
837 468 914 516 ille
944 469 1157 517 celeriter
1185 469 1247 517 ad
1269 471 1514 519 ecclesiam
1537 473 1701 531 mittit,

292 550 341 589 et
364 553 587 608 patenam
619 556 890 608 argenteam
916 549 1203 596 sacrosancti
1229 548 1387 597 altaris
1411 549 1472 597 de
1498 552 1704 599 sacrario

292 621 494 686 suscepit
525 621 687 688 ibique
710 624 856 689 pedes
888 624 1084 687 abluit¹3
1119 626 1202 674 sed
1215 664 1228 688 ‚
1265 627 1422 692 statim
1455 627 1703 677 doloribus

291 697 484 761 additis,
510 700 573 771 ad
593 701 792 766 plenum
810 702 1080 752 debilitatus
1094 742 1107 766 ‚
1130 721 1378 770 nunquam
1399 716 1563 771 postea
1581 723 1706 771 gres·

291 791 397 822 sum
427 775 577 824 facere
601 780 773 844 potuit.
806 781 900 828 Sed
925 791 972 828 et
988 782 1413 846 Langobardorum
1434 783 1607 831 ducem
1636 783 1704 831 se-

291 853 407 902 cisse
431 855 643 904 similiter
665 860 894 924 comperi.

796 980 951 1018 CAPUT
982 983 1185 1019 LXXXVI.

568 1064 621 1098 De
635 1062 789 1100 diacono
805 1066 863 1100 cui
882 1067 989 1102 turris
1003 1067 1096 1102 inter
1112 1080 1237 1102 manus
1250 1067 1422 1115 effugivit.

355 1151 595 1199 Deflemus
622 1153 752 1201 enim
778 1153 955 1201 scelera
982 1164 1159 1202 nostra·
1178 1164 1226 1201 et
1258 1154 1529 1219 plangimus
1545 1191 1558 1214 ‚
1592 1173 1704 1204 eum

290 1244 379 1276 nos
400 1228 608 1276 mundos
626 1246 725 1277 esse
737 1231 990 1293 nescimus,
1010 1242 1075 1295 et,
1094 1231 1156 1280 ad
1172 1232 1329 1297 ipsum
1347 1232 1492 1279 altare
1511 1233 1706 1280 Domini

289 1306 591 1366 accedentes,
619 1306 849 1355 audenter
873 1318 1092 1357 sanctum
1114 1326 1288 1375 corpus
1311 1309 1412 1374 ejus
1442 1318 1490 1356 et
1518 1311 1705 1374 sangui-

290 1399 424 1443 nem,
451 1401 562 1431 cum
587 1385 732 1433 simus
754 1396 863 1433 actu
882 1387 1075 1452 polluti,
1103 1387 1263 1452 potius
1287 1386 1347 1434 ad
1370 1385 1604 1450 judicium
1631 1404 1708 1434 su-

289 1460 464 1508 mimus
495 1478 640 1526 quam
676 1473 729 1510 ut
760 1464 951 1511 veniam
985 1481 1352 1529 consequamur.
1389 1466 1509 1511 Nam
1545 1463 1706 1511 recolo

290 1537 422 1601 quod
437 1539 488 1602 in
501 1539 819 1588 adolescentia
831 1558 938 1589 mea
955 1552 1137 1605 gestum
1153 1541 1332 1589 audivi.
1351 1541 1462 1587 Dies
1476 1541 1706 1606 passionis

289 1627 388 1664 erat
413 1618 661 1683 Polycarpi
682 1621 901 1683 martyris
916 1620 1099 1683 magni,
1122 1629 1169 1667 et
1189 1621 1239 1666 in
1257 1618 1583 1682 Ricomagensi
1597 1618 1704 1665 vico

290 1693 488 1741 civitatis
521 1697 733 1742 Arvernae
765 1697 865 1760 ejus
899 1697 1130 1744 solemnia
1155 1695 1533 1743 celebrabantur.
1566 1697 1704 1742 Lecta

289 1771 429 1834 igitur
455 1773 672 1837 passione
688 1777 702 1799 ²
722 1790 833 1820 cum
860 1775 1052 1839 reliquis
1069 1774 1376 1835 lectionibus,
1409 1789 1526 1838 quas
1547 1789 1703 1820 canon

289 1849 591 1898 sacerdotalis
606 1851 803 1915 invexit,
828 1862 1016 1918 tempus
1031 1853 1093 1900 ad
1105 1851 1387 1900 sacrificium
1406 1851 1704 1898 offerendum

289 1927 503 1991 advenit,
523 1940 810 1994 acceptaque
827 1941 956 1978 turre
975 1931 1207 1978 diaconus
1226 1931 1275 1976 in
1294 1945 1390 1992 qua
1406 1929 1705 1992 mysterium⁸

290 2003 518 2052 dominici
548 2007 762 2072 corporis
789 2007 1074 2070 habebatur,
1100 2005 1222 2054 ferre
1253 2006 1397 2071 coepit
1417 2005 1479 2053 ad
1501 2005 1700 2067 ostium,

289 2081 618 2147 ingressusque
653 2085 885 2150 templum
930 2095 984 2132 ut
1018 2101 1126 2133 eam
1161 2085 1295 2133 altari
1331 2093 1672 2149 superponeret
1687 2120 1700 2144 ,
1715 2107 1730 2115 ·

289 2159 446 2225 elapsa
463 2161 524 2208 de
543 2178 691 2210 manu
705 2162 805 2226 ejus
824 2162 1063 2211 ferebatur
1085 2163 1136 2209 in
1155 2178 1281 2223 aera,
1300 2171 1364 2221 et,
1383 2161 1449 2208 sic
1470 2159 1533 2207 ad
1552 2160 1704 2225 ipsam

343 2321 397 2367 (1)
414 2321 473 2357 Ex
495 2319 570 2359 hoc
592 2320 678 2359 loco
701 2329 804 2359 recte
827 2320 970 2390 colligit
994 2319 1209 2368 Mabillon„
1223 2318 1290 2357 lib.
1310 2321 1329 2356 I
1347 2317 1525 2370 Liturgiae
1548 2317 1682 2356 Gallie.
1672 2345 1701 2366 .,

291 2392 377 2432 cap.
396 2395 468 2429 vn,
486 2390 643 2434 patenas
661 2391 752 2421 tunc
768 2382 1032 2435 capacissimas
1051 2381 1180 2419 fuisse.
1202 2383 1287 2430 (R.)

345 2444 398 2492 (⁴2)
417 2446 629 2495 Martyrum
642 2447 752 2492 Acta,
767 2443 920 2496 publice
932 2443 1050 2482 olim
1040 2457 1081 2481 1n
1098 2442 1256 2481 ecclesia
1273 2442 1386 2490 lecta,
1403 2440 1516 2480 etiarn
1532 2441 1574 2479 in
1591 2440 1703 2479 missa

292 2503 550 2544 recitabantur
583 2520 633 2545 ex
666 2506 873 2554 hocloco,
907 2506 970 2544 cui
1001 2505 1244 2544 consentiunt
1275 2513 1313 2542 et
1329 2504 1407 2543 alii.
1437 2506 1517 2552 (R.)

345 2570 399 2617 (3)
418 2568 480 2608 Sic
497 2583 629 2608 omnes
648 2583 739 2608 mss.
762 2582 858 2621 quos
886 2569 992 2607 licuit
1014 2568 1159 2618 videre,
1183 2580 1271 2606 cum
1289 2567 1395 2606 Clict.
1417 2567 1493 2605 Alii
1514 2565 1614 2604 Editi
1630 2578 1700 2617 po-

294 2630 483 2678 steriores,
505 2633 764 2669 ministerium.
788 2633 925 2669 Nostra
941 2630 1053 2668 lectio
1072 2630 1319 2669 confirmatur
1336 2642 1385 2667 ex
1403 2636 1534 2666 sancto
1551 2626 1699 2674 0done,

292 2692 360 2744 qui
375 2692 479 2732 hunc
498 2694 672 2746 Gregorii
689 2695 816 2733 locum
834 2693 1002 2732 referens
1019 2692 1088 2732 lib.
1103 2695 1141 2731 ΙΙ
1153 2692 1423 2740 collationum,
1433 2690 1558 2743 capite
1574 2701 1700 2736 xxxu,

293 2755 374 2794 haec
403 2755 522 2795 verba
544 2756 816 2810 interpretatur
839 2769 990 2806 capsam
1014 2769 1096 2793 cum
1120 2768 1268 2806 corpore
1285 2757 1452 2792 Domini.
1480 2755 1528 2791 Et
1548 2750 1701 2803 quidem

294 2817 401 2856 Felix
441 2818 642 2871 episcopus
683 2818 925 2858 Bituricensis
965 2818 1142 2859 laudatur
1179 2830 1202 2857 a
1237 2818 1445 2855 Fortunato
1460 2843 1471 2862 ‚
1511 2812 1578 2853 lib.
1618 2814 1674 2852 111
1688 2840 1699 2860 ,
1740 2829 1742 2834 ⁴

295 2892 414 2920 carm.
435 2894 551 2931 xxnx,
581 2881 686 2933 quod
710 2882 895 2931 ejusmodi
919 2891 1062 2919 turrem
1082 2880 1164 2919 fieri
1182 2878 1406 2918 curavisset.
1439 2879 1519 2927 (R.)
