2002 3418
381 371 430 408 68
789 373 855 408 DE
883 371 1072 410 GLORIA
1099 372 1393 412 MARTYRUM.

380 455 602 504 custodes
615 456 666 503 in
686 457 885 520 circuitu
901 458 1066 522 templi
1082 495 1094 519 ‚
1116 458 1154 504 si
1170 456 1290 504 forte
1309 457 1514 522 aliquem
1536 459 1799 526 deprehen-

380 533 493 581 dere
513 544 673 600 posset
701 534 878 582 fraudis
900 535 1096 598 alicujus
1118 535 1364 582 conscium
1379 573 1391 597 ,
1415 553 1501 601 per
1515 538 1650 602 cujus
1670 541 1800 606 inge-

379 610 513 658 nium
545 612 595 658 in
635 611 847 659 fontibus
877 628 1002 676 aqua
1037 611 1325 659 succederet.
1361 613 1581 662 Similiter
1612 627 1660 664 et
1703 619 1798 666 alio

376 686 486 735 fecit
522 705 667 736 anno.
700 689 855 736 Tertio
894 706 1010 736 vero
1042 699 1307 737 convocata
1344 691 1557 739 virorum
1589 694 1801 743 multitu-

375 763 487 812 dine
507 802 520 827 ,
546 765 691 813 fossas
714 766 763 812 in
797 766 997 813 circuitu
1025 765 1228 814 basilicae
1252 766 1354 813 fieri
1383 768 1521 831 jussit
1538 806 1551 830 ‚
1589 787 1650 818 ne
1680 771 1800 820 sorte

375 842 523 906 togis¹
549 843 746 891 occultis
774 844 980 909 lymphae
999 843 1346 891 deducerentur
1378 845 1427 892 in
1453 846 1648 894 fontem.
1680 852 1714 895 F
1717 866 1798 897 ue-

374 929 580 983 runtque
621 920 751 968 fossae
780 921 830 967 in
861 921 1103 986 profundo
1129 922 1555 987 vicenumquinum
1584 925 1763 991 pedum
1781 964 1794 988 ‚

371 996 421 1043 in
457 997 706 1046 latitudine
734 1015 848 1045 vero
886 999 1256 1063 quindecenum.
1293 1000 1385 1048 Sed
1422 1001 1540 1049 nihil
1577 1003 1798 1051 abditum
1869 990 1878 997 .

371 1075 528 1139 potuit
561 1075 775 1140 reperiri2
808 1079 984 1123 Tamen
1018 1077 1124 1122 vitae
1155 1077 1301 1124 finem
1329 1077 1504 1126 faciens
1522 1117 1534 1141 ‚
1569 1090 1616 1127 et
1650 1081 1795 1129 credo

369 1167 458 1216 pro
475 1152 617 1216 hujus
632 1153 951 1217 inquisitionis
968 1154 1229 1201 temeritate
1244 1191 1257 1215 ,
1277 1156 1392 1202 anni
1411 1159 1649 1221 sequentis
1667 1159 1796 1206 diem

371 1244 468 1292 quo
494 1228 590 1276 hoc
618 1230 895 1293 mysterium
929 1229 1258 1277 celebrabatur
1277 1231 1438 1280 videre
1462 1250 1563 1280 non
1597 1237 1792 1298 meruit,

371 1322 431 1354 eo
451 1304 835 1371 quod'arcanum
850 1308 1035 1356 virtutis
1055 1308 1227 1356 divinae
1243 1309 1523 1374 investigare
1543 1328 1799 1378 praesump-

370 1384 446 1431 sit.
486 1384 734 1433 Habentur
768 1395 929 1433 autem
969 1386 1019 1433 in
1057 1402 1114 1434 ea
1152 1387 1360 1452 reliquiae
1388 1389 1539 1437 sancti
1571 1390 1798 1455 Stephani

368 1462 537 1512 levitae.

925 1576 1083 1612 CAPUT
1108 1576 1245 1612 XXVI.

429 1666 483 1701 De
498 1666 561 1702 illo
576 1667 639 1713 qui
653 1675 804 1715 propter
817 1675 1058 1715 perpetratum
1078 1668 1211 1702 furtum
1227 1668 1385 1715 nequivit
1401 1681 1528 1717 aquam
1543 1671 1686 1708 haurire
1698 1672 1742 1728 ⁹⁸.

437 1777 564 1838 Ergo
583 1776 697 1838 quia
715 1775 822 1822 fons
850 1775 927 1822 ille
949 1775 1115 1823 divino
1138 1786 1259 1823 nutu
1278 1814 1291 1839 ‚
1318 1787 1371 1823 ut
1394 1795 1538 1842 supra
1559 1778 1763 1827 diximus
1778 1818 1791 1843 ,

370 1853 433 1900 ad
453 1853 666 1900 officium
684 1852 960 1918 baptizandi
977 1854 1201 1918 repletur,
1222 1865 1269 1901 et
1292 1856 1420 1919 quia,
1450 1873 1561 1903 cum
1584 1859 1795 1923 comple·

368 1939 444 1977 tus
463 1930 627 1992 suerit,
659 1931 798 1978 avide
821 1948 878 1978 ex
899 1931 995 1978 hoc
1013 1931 1220 1996 populus
1240 1932 1432 1980 haurire
1449 1934 1635 1982 festinat
1649 1972 1662 1997 ,
1686 1937 1791 1999 qui-

370 2008 501 2068 dam,
545 2020 742 2074 accepto
773 2010 967 2057 vasculo
981 2046 993 2070 ‚
1029 2009 1307 2074 presbytero
1338 2011 1422 2074 qui
1456 2011 1583 2058 hanc
1619 2028 1794 2076 aquam

371 2087 670 2136 ministrabat
684 2088 894 2153 porrexit
912 2087 975 2134 ad
987 2087 1345 2152 complendum.
1368 2088 1510 2146 Quod
1529 2089 1645 2136 dum
1662 2106 1794 2136 com-

370 2164 468 2228 plet
507 2165 688 2226 senior,
724 2164 805 2210 hic
837 2164 960 2211 inter
992 2165 1360 2229 comprimentes
1397 2165 1561 2213 turbas
1596 2182 1794 2214 manum

371 2242 562 2289 alterius
580 2242 789 2289 extendit
811 2241 873 2289 ad
893 2241 1107 2288 balteum
1127 2279 1139 2302 ‚
1165 2242 1465 2306 cultrumque
1488 2243 1666 2290 furatus
1682 2253 1751 2290 est
1776 2262 1788 2290 ε

371 2336 469 2383 quo
490 2321 663 2383 vagina
682 2320 951 2380 recondito,
977 2335 1147 2366 manus
1162 2319 1371 2365 extendit
1387 2320 1450 2367 ad
1465 2320 1793 2385 accipiendam

370 2397 615 2461 hydriam,
646 2414 793 2462 quam
817 2396 1075 2444 tradiderat
1107 2395 1403 2460 presbytero.
1436 2400 1544 2456 Qua
1572 2409 1789 2464 accepta,

371 2484 559 2522 amotus
580 2475 631 2522 in
662 2485 848 2541 partem
876 2474 1042 2535 aliam,
1080 2490 1236 2537 neque
1270 2490 1419 2522 unam
1447 2485 1629 2539 guttam
1658 2492 1793 2541 aquae

368 2553 422 2600 in
451 2570 508 2601 ea
528 2554 686 2619 potuit
706 2552 930 2618 reperire.
952 2554 1085 2598 Tunc
1103 2551 1330 2599 confusus
1350 2553 1514 2615 valde,
1547 2563 1595 2601 et
1614 2553 1706 2601 sibi
1726 2553 1792 2602 ob

370 2629 482 2677 furti
495 2646 689 2678 causam
699 2631 797 2677 hoc
809 2629 1019 2677 evenisse
1035 2644 1346 2691 cognoscens,
1362 2629 1550 2678 homini
1565 2631 1787 2689 cultrum,

424 2815 479 2862 (1)
497 2813 569 2852 Ed.
594 2816 696 2852 locis.
716 2815 794 2862 (R.)

426 2876 479 2926 (2)
496 2880 554 2915 De
571 2891 613 2914 eo
634 2881 700 2928 qui
718 2879 875 2914 cultrum
898 2876 969 2913 Ioci
985 2876 1089 2913 illius
1106 2877 1257 2926 furatus
1274 2886 1345 2925 est,
1364 2877 1484 2917 2205.
