2002 3418
427 340 505 376 110
826 339 892 375 DE
919 337 1105 377 GLORIA
1134 335 1431 373 MARTYRUM.

949 486 1105 522 CAPUT
1132 485 1304 520 XXXIX.

908 586 960 620 De
975 585 1160 621 Pancratio
1181 592 1347 631 martyre.

499 691 578 735 Est
599 688 740 735 etiam
761 687 892 735 haud
911 688 1079 753 procul
1095 687 1157 735 ab
1176 688 1317 752 hujus
1337 685 1469 733 urbis
1494 702 1632 733 muro
1654 695 1702 733 et
1719 689 1840 734 Pan-

431 767 603 814 cratius
647 777 841 831 martyr,
886 767 1023 814 valde
1066 768 1114 814 in
1152 767 1351 832 perjuris
1385 766 1554 813 ult0r¹.
1603 763 1671 812 Ad
1708 764 1842 828 cujus

432 845 699 910 sepulcrum
713 847 743 907 ³,
779 845 819 892 si
849 845 1126 909 cujusquam
1161 861 1295 891 mens
1329 844 1494 891 insana
1522 843 1843 907 juramentum

433 924 573 970 inane
604 922 815 988 proferre
850 922 1078 983 voluerit,
1113 922 1244 987 prius
1277 938 1420 986 quam
1446 921 1713 985 sepulcrum
1746 918 1845 982 ejus

434 1001 572 1048 adeat
588 1039 600 1062 ,
627 1001 723 1047 hoc
746 1011 816 1047 est
840 1010 1096 1063 antequam
1125 1018 1273 1064 usque
1297 1001 1359 1048 ad
1385 1000 1619 1047 cancellos
1647 998 1730 1062 qui
1756 995 1845 1044 sub

435 1094 550 1124 arcu
567 1077 823 1138 habentur,
857 1076 943 1123 ubi
973 1077 1253 1124 clericorum
1278 1078 1578 1143 psallentium
1600 1087 1720 1124 stare
1743 1091 1847 1122 mos

436 1165 531 1216 est,
558 1155 776 1216 accedat,
803 1155 958 1202 statim
980 1165 1062 1202 aut
1083 1155 1305 1220 arripitur
1333 1172 1362 1203 a
1391 1155 1630 1217 daemone,
1663 1164 1745 1202 aut
1771 1170 1848 1200 ca-

438 1232 556 1279 dens
576 1233 626 1279 in
645 1233 915 1298 pavimento
935 1232 1105 1279 amittit
1127 1233 1357 1298 spiritum.
1383 1235 1451 1278 Ex
1472 1232 1567 1279 hoc
1583 1232 1713 1278 enim
1729 1231 1851 1296 quis·

438 1327 531 1373 que
550 1309 694 1358 fidem
714 1310 1053 1374 cujuscumque
1081 1311 1149 1356 rei
1175 1309 1236 1357 ab
1255 1311 1350 1358 alio
1370 1310 1572 1358 voluerit
1593 1309 1778 1370 elicere,
1798 1318 1852 1355 ut

440 1405 604 1436 verum
633 1398 911 1452 cognoscat,
940 1404 1041 1435 non
1072 1388 1206 1436 aliter
1239 1388 1329 1436 nisi
1361 1387 1424 1436 ad
1449 1387 1591 1451 hujus
1609 1386 1852 1434 basilicam

439 1467 658 1514 destinat.
685 1469 804 1514 Nam
829 1466 985 1512 ferunt
1004 1467 1256 1530 plerosque
1276 1466 1408 1530 juxta
1431 1464 1648 1517 basilicas
1662 1472 1852 1529 aposto-

439 1545 596 1591 lorum
614 1545 711 1592 sive
730 1545 934 1592 aliorum
948 1553 1208 1608 martyrum
1225 1551 1582 1591 commanentes
1597 1558 1697 1588 non
1714 1539 1849 1602 alibi,

442 1639 529 1687 pro
545 1623 637 1670 hac
660 1623 951 1683 necessitate,
979 1622 1068 1668 nisi
1087 1622 1317 1686 templum
1342 1630 1558 1687 expetere
1583 1619 1711 1667 beati
1732 1621 1853 1665 Pan-

442 1700 592 1761 cratii,
616 1709 686 1758 ut,
709 1700 809 1763 ejus
830 1699 1085 1746 severitatis
1108 1715 1306 1746 censura
1328 1697 1517 1763 publice
1533 1697 1850 1756 discernente,

443 1787 524 1825 aut
545 1778 787 1825 veritatem
810 1777 1055 1824 audientes
1076 1777 1294 1838 credant,
1316 1787 1398 1824 aut
1423 1793 1511 1842 pro
1533 1775 1716 1823 fallacia
1730 1772 1856 1839 judi-

444 1856 570 1902 cium
592 1855 810 1919 martyris
830 1853 959 1901 beati
984 1855 1299 1920 experiantur.

448 1993 529 2002 ...—

1825 1989 1851 1997 -ο,

499 2079 556 2125 (1)
580 2078 672 2114 Mss.
703 2076 780 2114 duo
793 2104 804 2123 ,
825 2079 1049 2116 Pancratus.
1069 2075 1179 2115 Colb.
1200 2089 1243 2124 a,
1264 2076 1380 2114 semel
1398 2075 1481 2122 hic,
1503 2083 1540 2112 et
1556 2074 1596 2112 111
1615 2074 1781 2126 capitum
1798 2074 1857 2112 in-

447 2137 573 2175 diculo
585 2139 824 2185 hamanus,
841 2150 927 2189 quae
945 2136 1136 2176 scribendi
1152 2137 1265 2186 hujus
1282 2137 1447 2176 nominis
1464 2136 1627 2174 varietas
1643 2135 1683 2173 in
1701 2134 1782 2173 aliis
1793 2147 1860 2173 ve-

448 2199 591 2239 teribus
612 2201 869 2239 monumentis
895 2201 1075 2239 occurrit.
1106 2199 1190 2254 (R.)
1203 2223 1256 2230 —
1269 2202 1373 2241 2204
1393 2208 1431 2237 et
1450 2200 1571 2247 2205,
1598 2199 1857 2244 Pane-laram&

449 2263 575 2316 suppl.
598 2264 692 2311 478,
710 2264 979 2303 Pranchratus.
997 2266 1056 2303 De
1073 2264 1153 2302 vita
1172 2263 1283 2302 cessit
1301 2276 1365 2301 311.
1388 2263 1480 2309 304,
1502 2264 1552 2299 12
1573 2261 1677 2300 maii.

503 2323 556 2379 (2)
576 2327 636 2363 De
653 2324 822 2373 ejusdem
840 2325 962 2364 sancti
976 2326 1143 2377 reliquiis
1159 2325 1273 2373 infra,
1295 2338 1381 2377 cap.
1401 2337 1566 2362 Lxxxm.
1589 2324 1860 2362 Monasterium

450 2387 772 2436 solemniacense,
787 2387 891 2440 apud
903 2388 1125 2427 Lemovices
1142 2388 1182 2426 in
1199 2388 1385 2426 honorem
1399 2386 1501 2426 beati
1512 2386 1701 2425 Pancratii
1715 2395 1754 2426 et
1767 2387 1860 2425 alio-

451 2463 538 2488 rum
570 2459 789 2490 sanctorum
817 2458 1077 2491 constructum
1103 2450 1219 2488 fuisse
1239 2450 1350 2488 docet
1374 2462 1447 2487 nos
1472 2449 1590 2501 ipsius
1617 2448 1738 2488 sancti
1753 2448 1863 2502 Eligii

452 2513 598 2559 charta,
619 2527 704 2564 quae
725 2512 888 2553 habetur
903 2513 953 2552 ad
977 2514 1121 2553 calcem
1142 2516 1229 2553 Act.
1254 2522 1473 2553 sanctorum
1495 2512 1581 2557 ord.
1605 2511 1860 2561 Benedicfini,

452 2576 590 2613 saeculo
609 2579 660 2623 11,
683 2590 722 2628 p.
744 2578 862 2616 1091.
887 2576 969 2630 (R.)
