2002 3418
394 345 469 382 268
794 346 859 382 DE
880 331 1070 383 ‘GLomA
1101 345 1393 383 MARTYRUM.

391 432 662 497 phylacium
680 432 850 481 devote
871 435 1099 498 jactavit¹.
1134 436 1257 497 Ergo
1281 433 1382 480 haec
1406 435 1632 498 pauculos
1659 437 1789 500 galli-

391 525 562 557 narum
583 510 737 575 pullos
761 510 969 559 habebat
983 549 995 572 ‚
1020 527 1140 575 quos
1161 527 1217 559 ex
1239 521 1352 558 voto
1374 510 1606 559 basilicari
1624 512 1792 561 ditioni

391 587 665 636 subdiderat
688 626 702 650 ‚
745 587 915 636 datura
949 589 998 635 in
1031 589 1177 636 domo
1216 589 1360 653 ipsius
1398 605 1507 636 cum
1547 591 1794 639 necessitas

390 663 655 727 flagitasset.
687 666 847 729 Igitur,
898 683 1006 713 cum
1040 666 1102 713 ad
1139 666 1433 714 festivitatem
1474 667 1622 714 sancti
1659 669 1794 716 multi

389 743 555 806 populi
573 743 870 790 advenissent
885 782 899 805 ‚
924 744 1022 792 duo
1037 781 1049 804 ,
1075 745 1393 792 conventione
1417 743 1565 805 facta,
1594 745 1676 808 qui
1705 745 1794 793 hos

389 820 544 884 pullos
571 821 685 868 olim
713 821 929 868 viderant
944 859 957 881 ‚
989 838 1141 868 unum
1177 821 1301 867 furto
1336 820 1619 868 subtrahunt
1637 858 1650 882 ‚
1677 822 1794 869 inci-

389 913 537 959 soque
562 898 713 962 capite
728 933 742 958 ,
767 898 987 945 detractis
1019 899 1192 963 plumis
1217 898 1535 962 truncatisque
1565 898 1791 963 pedibus,

388 973 688 1037 positumque
732 975 781 1019 in
835 990 943 1020 vase
974 991 1084 1021 cum
1121 991 1245 1037 aqua
1283 991 1423 1038 super
1450 975 1607 1037 ignem
1638 976 1796 1023 levant

389 1050 708 1113 instanterque
732 1050 1044 1097 succendunt.
1079 1054 1244 1097 Fervet
1271 1061 1430 1098 autem
1458 1052 1578 1098 latex
1609 1052 1796 1100 validis—

388 1127 503 1174 sime
520 1164 533 1188 ,
559 1127 643 1174 sed
668 1143 780 1174 caro
802 1127 974 1174 furtiva
998 1144 1098 1175 non
1127 1128 1346 1191 coquitur
1365 1147 1378 1174 ι
1407 1128 1548 1175 etiam
1571 1128 1795 1176 fervendo

388 1219 512 1267 aqua
553 1206 871 1266 consumitur,
915 1222 1003 1252 nec
1031 1222 1225 1270 prorsus
1261 1205 1418 1270 pullus
1453 1205 1531 1252 ine
1567 1207 1792 1254 mollitur.

386 1284 586 1330 Tentant
623 1282 793 1330 crebro
829 1283 1049 1330 manibus
1095 1293 1140 1330 et
1184 1299 1393 1346 unguem
1422 1293 1656 1330 conantur
1690 1283 1798 1331 infi-

387 1376 495 1423 gere
508 1398 521 1422 ‚
543 1361 627 1408 sed
651 1362 891 1409 duriorem
915 1362 1123 1408 sentiunt
1152 1377 1298 1424 quam
1327 1360 1574 1408 misissent.
1606 1361 1798 1408 Interim

386 1437 559 1484 adsunt
577 1440 788 1486 convivae
808 1439 993 1486 evocati
1021 1438 1083 1486 ad
1105 1438 1299 1503 epulum
1312 1475 1325 1499 ‚
1348 1437 1615 1484 nullatenus
1642 1453 1799 1502 sump-

386 1514 480 1560 turi
505 1513 565 1561 de
595 1525 841 1579 apparatu.
882 1518 1040 1562 Exstat
1078 1530 1240 1561 mensa
1269 1514 1417 1561 niveis
1450 1514 1603 1561 velata
1632 1515 1798 1560 manti-

370 1589 536 1651 libus,
581 1607 722 1655 opere
762 1592 997 1656 plumario
1030 1601 1275 1638 exornata.
1315 1591 1563 1638 Conversis
1597 1589 1715 1638 cibis
1746 1592 1794 1638 in

387 1683 562 1714 novam
583 1668 803 1715 duritiem
819 1705 832 1730 ‚
863 1669 1046 1716 catinus
1076 1668 1283 1732 lymphis
1316 1684 1436 1732 saepe
1461 1667 1678 1729 diluitur,
1713 1669 1796 1716 sed

386 1743 503 1790 nihil
527 1755 715 1793 coctum
741 1746 871 1809 quod
894 1746 943 1791 in
966 1761 1025 1792 eo
1051 1745 1305 1792 exhibeant
1333 1744 1570 1791 invenitur
1596 1762 1606 1790 :
1635 1744 1795 1808 sicque

387 1837 514 1869 novo
538 1824 765 1871 miraculo
781 1824 931 1888 epulis
950 1822 1150 1870 redactis
1168 1823 1217 1869 in
1237 1839 1400 1870 saxum
1417 1859 1430 1882 ,
1451 1821 1659 1869 confusis
1675 1823 1794 1870 invi·

386 1899 616 1947 tatoribus
630 1938 643 1962 ,
668 1899 1098 1948 verecundantibus
1116 1900 1346 1962 invitatis,
1371 1917 1400 1947 a
1422 1916 1559 1948 coena
1575 1916 1686 1947 cum
1703 1916 1792 1964 pu-

386 1974 502 2024 dore
523 1977 778 2025 discessum
802 1987 886 2026 est.

916 2102 1071 2138 CAPUT
1093 2101 1264 2139 XCVIII.

852 2189 918 2223 -De
935 2188 1063 2223 Cosma
1078 2196 1112 2222 et
1125 2187 1312 2224 Damiano.

450 2274 558 2318 Duo
591 2288 722 2319 vero>
739 2272 940 2335 gemini,
981 2274 1174 2318 Cosmas
1206 2270 1382 2317 scilicet
1421 2280 1469 2317 et
1504 2270 1761 2337 Damianus
1775 2308 1788 2332 ‚

383 2358 483 2395 arte
517 2348 720 2410 medici,
765 2359 1019 2414 postquam
1055 2348 1295 2394 christiani
1333 2346 1486 2394 effecti
1522 2348 1655 2394 sunt²
1689 2347 1791 2395 solo

383 2426 609 2472 virtutum
633 2426 803 2473 merito
825 2435 873 2473 et
893 2426 1164 2472 orationum
1185 2426 1474 2487 interventu,
1498 2423 1792 2473 infirmitates

382 2502 708 2566 languentium
748 2502 1076 2568 depellebant;
1123 2502 1205 2566 qui
1219 2538 1232 2561 ‚
1271 2501 1466 2549 diversis
1507 2500 1790 2549 cruciatibus

384 2581 735 2640 consummati,
777 2581 826 2627 in
864 2578 1131 2626 coelestibus
1175 2589 1285 2625 sunt
1321 2579 1562 2642 conjuncti
1580 2615 1594 2639 ‚
1642 2578 1790 2626 multa

344 2718 353 2720 „
384 2655 611 2704 miracula
629 2657 796 2704 incolis
821 2655 1136 2705 ostendentes.
1155 2659 1290 2718 Nam,
1310 2657 1350 2704 si
1367 2656 1472 2720 quis
1493 2654 1707 2703 infirmus
1727 2654 1788 2703 ad

437 2831 492 2877 (1)
513 2833 631 2868 Marc.
651 2843 736 2878 χιι,
757 2833 823 2879 413
844 2835 937 2870 Luc.
957 2845 1026 2870 xxx
1040 2861 1051 2879 ‚
1072 2834 1111 2870 1.
1129 2854 1182 2862 —-
1196 2833 1253 2881 (2)
1271 2833 1343 2869 An.
1367 2833 1465 2878 233,
1486 2833 1536 2870 27
1557 2838 1652 2882 sept.
1674 2832 1762 2878 (R.)
