2002 3418
659 436 879 483 SANCTI
917 437 1175 483 GEORGII
1219 434 1562 481 FLORENTII

887 591 1328 658 GREGORII,

785 760 1029 790 EPISCOPI
1071 759 1406 791 TURONENSIS
1419 779 1430 800 ‚

582 901 846 981 LIBRI
905 899 1646 982 MIRACULORUM.

828 1229 1053 1289 LIBER
1098 1229 1401 1289 PRIMUS.

715 1373 762 1408 IN
789 1373 951 1409 GLORIA
990 1374 1229 1408 BEATORUM
1266 1373 1524 1409 MARTYRUM.

929 1613 1291 1668 PROLOGUS.

375 1753 377 1756 >
405 1738 488 1773 Non
507 1745 691 1785 poetarum
716 1737 890 1784 figmentis
906 1746 965 1772 aut
983 1737 1283 1786 philosophorum
1305 1737 1505 1781 sententiis,
1529 1737 1589 1772 sed
1615 1738 1822 1786 evangelicae

851 1797 989 1832 veritati
1006 1796 1238 1832 insistendum
1254 1809 1327 1831 esse
1343 1797 1371 1831 ¹.

471 1887 775 1935 Hieronimus
788 1925 800 1949 ‚
836 1887 1068 1953 presbiter
1099 1897 1147 1935 et
1182 1898 1291 1953 post
1323 1888 1592 1953 apostolum
1624 1890 1823 1937 Paulum

405 1962 563 2011 honus
583 1963 753 2011 doctor
772 1964 988 2011 Ecclesiae
1001 2000 1014 2024 ,
1037 1964 1178 2011 refert
1197 1981 1246 2012 se
1267 1964 1466 2011 ductum
1484 1974 1594 2012 ante
1616 1965 1824 2014 tribunal

405 2042 567 2089 aeterni
599 2042 777 2090 Judicis
791 2080 803 2104 ,
841 2052 888 2089 et
908 2052 1155 2090 extensum
1182 2043 1233 2089 in
1262 2043 1495 2108 supplicio
1517 2044 1719 2107 graviter
1741 2062 1824 2094 cae-

405 2137 513 2167 sum
526 2157 539 2182 ‚
577 2136 635 2167 eo
667 2119 799 2183 quod
829 2120 1071 2167 Ciceronis
1093 2121 1298 2184 argutias
1319 2121 1395 2168 vel
1418 2121 1595 2184 Virgilii
1620 2121 1824 2171 fallacias

405 2199 572 2264 saepius
592 2199 823 2246 lectitaret
853 2216 863 2245 :
894 2199 1259 2263 confessumque
1277 2215 1326 2246 se
1345 2215 1509 2245 coram
1524 2200 1701 2263 angelis
1718 2217 1824 2248 san·

405 2276 491 2322 ctis
522 2276 611 2341 ipsi
646 2276 947 2323 Dominatori
974 2276 1208 2337 omnium,
1245 2291 1493 2338 nunquam
1521 2292 1571 2322 se
1599 2276 1823 2343 deinceps

457 2488 511 2535 (1)
544 2486 698 2524 Praeviis
730 2498 780 2524 ex
808 2485 867 2524 his
897 2484 1074 2524 omnibus
1103 2485 1231 2524 verbis
1266 2487 1331 2525 vix
1365 2501 1485 2526 unum
1511 2489 1655 2528 habent
1685 2503 1821 2528 manu-

403 2549 534 2600 scripti
552 2549 718 2597 codices;
740 2548 890 2587 initium
908 2561 1001 2586 vero
1021 2549 1095 2587 tale
1113 2550 1320 2601 praeferunt
1337 2566 1346 2588 :
1373 2569 1389 2585 α
1410 2555 1552 2603 Incipit
1571 2553 1664 2590 liber
1674 2558 1823 2603 primus

402 2615 667 2649 miraculorum
693 2614 732 2649 in
754 2615 876 2664 gloria
899 2620 1106 2650 marturum
1137 2613 1323 2651 beatorum
1352 2629 1462 2665 opere
1493 2618 1630 2667 Georgi
1658 2618 1825 2654 Florenti

406 2677 564 2727 Gregori
585 2677 750 2726 episcopi
776 2677 963 2714 Turonici.
991 2678 1248 2727 Hieronimm,
1279 2686 1339 2716 etc
1343 2695 1449 2717 .....
1477 2679 1539 2718 Sic
1566 2681 1670 2718 2204
1697 2688 1735 2717 et
1758 2679 1821 2717 alii

402 2739 524 2777 nostri
542 2742 633 2778 Mss.
659 2739 824 2777 codices.
854 2742 947 2789 Quae
972 2739 1099 2778 tamen
1117 2740 1337 2779 Ruinartius
1354 2742 1508 2794 ingenio
1532 2756 1601 2781 suo
1620 2742 1820 2794 disposuit,

402 2814 483 2840 non
502 2815 601 2855 aegre
620 2802 739 2841 secuti
759 2815 903 2841 sumus.
