2002 3418
301 323 378 360 200
683 321 748 357 m:
777 302 963 358 GLol'iIA
991 320 1286 360 MARTYRUM.

836 444 991 479 CAPUT
1014 443 1184 479 Lxxm.
1210 431 1214 434 ⁴
1241 442 1243 444 ·

661 530 714 564 De
732 537 852 564 sancto
868 529 1042 573 Quintino
1055 528 1345 567 viromandensi.

364 614 504 680 Apud
543 614 935 662 Viromandense¹
978 630 1092 662 vero
1140 615 1370 681 oppidum
1420 617 1677 666 Galliarum
1693 657 1707 682 ‚

299 692 554 750 Quintinus
586 694 786 756 martyr²
820 693 1016 756 quiescit
1032 729 1044 752 ,
1086 692 1219 756 cujus
1251 691 1444 739 beatum
1479 711 1651 759 corpus
1684 712 1713 744 a

299 769 508 833 quadam
547 769 765 832 religiosa
779 771 809 830 ³,
843 787 946 834 quae
983 770 1164 817 dudum
1198 769 1346 817 fuerat
1372 781 1558 832 caecata‚
1585 789 1714 838 repe-

299 849 456 895 ritur⁸.
477 847 586 895 rSed
615 864 728 894 mox
763 857 816 894 ut
847 864 875 895 a
908 847 1115 894 fluminis
1147 846 1297 894 fundo
1332 849 1588 896 relevatum
1625 853 1715 897 est⁵

299 925 583 974 miraculum
620 925 851 988 protulit,
892 942 1003 971 cum
1053 925 1261 972 mulieris
1300 926 1416 973 facie
1428 928 1457 987 ⁶,
1502 926 1587 974 ubi
1622 929 1714 993 pri-

300 1021 434 1063 mum
451 1003 618 1063 illuxit,
635 1003 818 1049 lumina
835 1012 1006 1049 caecata
1021 1003 1235 1050 restituit.
1259 1007 1310 1050 ln
1326 1004 1418 1052 hac
1438 1006 1579 1053 etiam
1595 1006 1713 1054 urbe

301 1097 425 1127 unus
451 1097 507 1126 ex
530 1078 795 1127 latronibus
818 1094 994 1142 equum
1017 1079 1276 1144 presbyteri
1300 1080 1460 1128 furtim
1489 1082 1679 1130 abstulit
1699 1101 1709 1129 t

301 1159 520 1205 inventus
543 1174 572 1205 a
597 1157 890 1223 presbytero,
909 1156 1058 1220 judici
1080 1157 1422 1218 manifestatur-3
1449 1176 1538 1206 nec
1560 1176 1712 1221 mora,

301 1236 625 1300 apprehensus
654 1245 701 1282 et
729 1235 778 1281 in
806 1235 995 1281 vincula
1023 1244 1320 1300 compactus,
1351 1236 1582 1301 supplicio
1606 1236 1717 1284 sub-

302 1311 456 1371 ditur3
480 1329 602 1377 opus
624 1329 763 1359 suum
782 1327 865 1358 ore
882 1311 1078 1376 proprio
1104 1310 1335 1369 indicam,
1360 1311 1573 1376 patibulo
1597 1313 1718 1377 diju-

302 1390 503 1437 dicatur.
528 1389 620 1437 Sed
649 1388 894 1454 presbyter
913 1398 1128 1436 metuens
1150 1406 1210 1436 ne
1236 1388 1301 1436 ob
1333 1389 1404 1436 sui
1427 1389 1590 1437 damni
1613 1407 1720 1439 cau-

303 1484 402 1514 sam
437 1467 598 1515 anima
628 1466 839 1513 hominis
870 1466 1147 1527 auferretur,
1178 1466 1389 1530 judicem
1421 1467 1716 1532 deprecatur,

303 1554 355 1591 ut
396 1561 620 1591 concessa
658 1544 724 1590 illi
757 1545 868 1605 vita,
910 1544 990 1590 hic
1022 1544 1162 1608 culpa
1196 1561 1303 1590 reus
1334 1544 1658 1592 absolveretur
1691 1562 1720 1594 a

303 1638 464 1686 poeua,
491 1621 652 1668 dicens
682 1621 773 1668 sibi
791 1622 902 1668 satis
929 1637 1027 1668 esse
1048 1621 1146 1684 jam
1167 1620 1359 1682 factum,
1389 1621 1520 1686 quod
1545 1639 1630 1687 per
1650 1633 1721 1669 tot

303 1708 649 1746 tormentorum
681 1715 854 1762 genera
881 1699 1002 1745 latro
1034 1716 1138 1762 quae
1166 1709 1369 1762 gesserat
1398 1698 1677 1747 declarasset
1704 1719 1715 1747 z

304 1776 388 1824 sed
419 1777 640 1823 severitas
669 1776 841 1840 judicis
858 1814 870 1838 ‚
910 1793 1020 1823 cum
1061 1777 1201 1823 nullis
1239 1776 1459 1841 precibus
1495 1778 1722 1843 potuisset

305 1854 500 1916 inflecti,
529 1872 665 1903 reum
689 1854 904 1920 patibulo
921 1855 1274 1904 condemnavit.
1303 1858 1434 1902 Tunc
1457 1855 1717 1921 presbyter,

306 1948 418 1978 cum
438 1933 659 1996 lacrymis
685 1942 946 1997 prostratus
972 1932 1034 1979 ad
1058 1931 1186 1979 beati
1210 1933 1427 1996 martyris
1452 1933 1690 1980 tumulum
1706 1971 1719 1994 ,

307 2005 580 2074 suppliciter
604 2009 902 2075 deprecatur,
921 2009 1084 2056 dicens
1102 2025 1114 2056 ι
1144 2029 1167 2054 «
1187 2011 1375 2071 Quaeso,
1393 2010 1723 2073 gloriosissime

361 2193 416 2239 (1)
437 2195 472 2226 V
472 2194 751 2239 irmandinsim,
773 2193 878 2230 2204
898 2200 936 2230 et
953 2205 1064 2244 supp.
1089 2194 1165 2231 478
1183 2207 1193 2239 3
1217 2194 1255 2228 V
1251 2193 1497 2238 irmandinse‚
1522 2193 1641 2229 2205.

361 2255 415 2302 (2)
434 2253 497 2292 Lis
518 2262 575 2292 est
591 2253 692 2292 inter
710 2254 814 2292 viros
837 2254 1005 2292 eruditos
1029 2267 1079 2292 an
1103 2255 1274 2305 Augusta
1290 2252 1635 2292 Viromanduorum
1653 2252 1726 2291 sita

308 2315 422 2353 fuerit
445 2315 511 2354 ubi
537 2329 642 2355 nunc
663 2315 946 2368 Quintinopolis
965 2316 1101 2354 visitur
1118 2315 1167 2353 ad
1185 2317 1432 2353 Summonam
1450 2314 1631 2362 fluvium,
1660 2323 1727 2353 aut

310 2391 356 2415 eo
378 2379 463 2417 loco
490 2378 556 2417 ubi
581 2387 756 2431 superest
781 2377 934 2417 abbatia
963 2377 1107 2416 ordinis
1134 2380 1378 2418 Praemonstr.
1394 2391 1483 2416 cum
1507 2378 1594 2416 vico
1617 2381 1656 2416 V
1654 2382 1729 2415 iro-

310 2443 469 2478 mandas
486 2470 496 2488 ‚
517 2442 631 2480 etiam
649 2454 754 2480 nunc
774 2444 814 2479 V
809 2443 969 2478 ermand
985 2441 1099 2479 dicto.
1125 2440 1220 2478 Vide
1243 2440 1449 2487 Cointium‚
1470 2440 1520 2478 ad
1541 2453 1606 2479 an.
1626 2442 1696 2479 531
1708 2469 1718 2487 ‚

306 2502 498 2541 Valesium
535 2503 576 2542 in
612 2503 753 2542 Notitia
766 2532 777 2551 ,
813 2505 1058 2550 Samsonem,
1107 2505 1369 2550 Hemeraeum,
1411 2502 1650 2550 Vassorium,
1689 2511 1729 2541 et

307 2564 415 2603 alios.
437 2568 519 2615 (R.)

361 2630 414 2675 (3)
434 2630 526 2666 Haec
548 2628 588 2666 in
606 2628 710 2667 Actis
734 2629 897 2681 vulgatis
915 2627 1079 2667 Eusebia
1106 2628 1244 2667 nobilis
1267 2637 1440 2667 matrona
1458 2631 1630 2666 Romana
1657 2640 1727 2678 ap·

307 2688 484 2739 pellatur.
506 2692 587 2738 (R.)
772 2732 774 2734 ,
1086 2727 1092 2731 .

363 2752 417 2801 (4)
434 2755 509 2791 An.
531 2754 624 2800 287,
647 2756 691 2792 31
717 2763 793 2793 oct.
816 2756 898 2803 (R.)
916 2777 969 2783 -
988 2756 1042 2802 (5)
1061 2756 1136 2791 An.
1161 2755 1253 2793 342.
1272 2755 1354 2802 (R.)

363 2816 417 2863 (6)
434 2814 590 2866 Aliquot
607 2829 717 2863 mss.,
737 2817 892 2866 faciem.
914 2815 1132 2867 Legendum
1152 2816 1283 2867 faciei.
1303 2817 1384 2863 (R.)
