2002 3418
342 316 419 354 296
739 319 805 354 DE
836 317 1019 355 GLORIA
1053 319 1349 356 MARTYRUM.

343 405 526 467 auditu,
552 416 598 453 et
618 405 735 469 quid
753 422 811 453 ex
833 405 929 453 hoc
952 406 1128 454 factum
1147 406 1307 454 fuisset
1327 407 1572 471 diligenter
1595 409 1751 474 inqui·

341 492 479 544 runt3
506 491 754 546 totumque
776 482 954 530 crebris
976 482 1145 530 ictibus
1173 484 1495 548 pavimentum
1515 487 1754 534 tundenti-

341 559 457 620 bus,
492 560 626 607 locus
656 560 706 606 in
737 576 835 623 quo
869 561 1055 607 occulta
1080 560 1269 623 jacebat
1301 562 1505 625 pecunia
1530 563 1753 611 tinnitum

341 637 474 685 dedit
499 637 746 702 impulsus,
776 653 989 700 cavoque
1013 653 1242 685 resonans
1270 638 1481 703 prodidit
1504 656 1608 703 quae
1639 641 1755 688 late-

339 715 474 777 bant,
499 725 547 763 et
561 715 716 763 statim
731 725 916 764 remoto
932 715 1088 780 lapide
1111 716 1349 763 invenitur
1369 717 1472 763 auri
1493 718 1749 780 congeries.

341 796 399 840 Et
432 792 606 854 clerici,
642 802 882 857 stupentes
911 802 1049 841 tantae
1073 792 1340 840 subtilitatis
1376 795 1726 859 perversitatem
1739 834 1751 857 ,

341 870 566 935 episcopo
598 869 715 934 quid
746 878 906 917 actum
929 869 1079 918 fuerat
1108 870 1336 919 indicant.
1370 872 1451 919 llle
1481 888 1596 919 vero
1630 888 1758 919 com-

342 957 500 994 motus
516 947 655 1009 jussit
668 956 875 994 reserato
900 948 1118 1012 sepulcro
1148 948 1400 1013 pecuniam
1424 965 1565 1013 super
1585 965 1759 1014 corpus

343 1024 559 1072 exanime
588 1023 782 1088 projici,
813 1023 976 1073 dicens
996 1042 1007 1070 ε
1037 1043 1061 1069 «
1087 1025 1190 1072 Sint
1220 1034 1301 1073 tua
1325 1024 1411 1071 tibi
1432 1041 1536 1088 quae
1563 1042 1758 1090 congre-

344 1101 478 1164 gasti,
500 1099 791 1166 pauperibus
813 1115 930 1148 vero
952 1099 1124 1148 Christi
1143 1116 1243 1148 non
1265 1100 1415 1148 deerit
1430 1101 1560 1150 unde
1577 1113 1758 1151 susten-

343 1187 521 1226 tentur.
544 1198 567 1221 »
586 1180 682 1226 Nec
694 1192 847 1240 mora,
861 1193 973 1226 cum
983 1178 1138 1244 prima
1153 1178 1287 1242 quies
1299 1188 1535 1226 nocturno
1546 1189 1758 1246 tempore

344 1255 456 1304 data
468 1255 646 1316 fuisset,
666 1254 927 1304 audiuntur
936 1256 1328 1314 vocesatumu10‚
1347 1255 1484 1304 fletus
1498 1265 1546 1303 et
1555 1257 1760 1306 ululatus

343 1334 603 1382 immensus
628 1350 640 1381 ε
675 1334 798 1382 inter
819 1350 937 1398 quas
959 1349 1100 1382 voces
1128 1333 1226 1382 haec
1252 1334 1456 1382 maxime
1479 1335 1755 1398 resonabat,

345 1428 395 1459 se
421 1411 641 1459 miseram
655 1447 667 1471 ,
695 1427 743 1459 se
762 1410 1025 1473 infelicem,
1051 1427 1156 1475 quae
1177 1412 1279 1459 auri
1299 1410 1669 1460 consumebatur
1687 1413 1760 1460 in·

346 1490 535 1538 cendio.
554 1490 789 1553 Denique,
805 1506 916 1538 cum
930 1506 1015 1555 per
1027 1490 1238 1538 triduum
1249 1490 1324 1538 hae
1332 1504 1472 1537 voces
1482 1489 1761 1538 adveniente

346 1577 487 1615 nocte
513 1576 790 1615 resonarent
807 1604 819 1626 ,
854 1568 1045 1632 populis
1070 1583 1170 1615 non
1193 1566 1501 1626 durantibus,
1526 1567 1588 1614 ad
1612 1583 1762 1615 sacer-

347 1643 509 1691 dotem
528 1644 732 1691 venitur.
767 1647 821 1691 At
852 1644 929 1691 ille
956 1643 1186 1692 accedens
1211 1644 1348 1707 jubet
1379 1643 1549 1691 tumuli
1572 1655 1760 1709 operto-

347 1721 472 1768 rium
502 1721 742 1781 amoveri,
766 1720 1086 1785 submotoque
1110 1721 1236 1770 videt
1253 1737 1422 1768 aurum
1444 1721 1578 1783 quasi
1597 1721 1648 1767 in
1667 1720 1760 1768 for-

347 1814 466 1846 nace
503 1799 764 1846 resolutum
800 1800 850 1846 in
878 1816 933 1847 os
968 1800 1176 1849 mulieris
1203 1800 1385 1863 ingredi
1423 1816 1534 1847 cum
1565 1799 1761 1854 flamma

347 1876 620 1942 sulphurea.
641 1881 773 1926 Tunc
795 1878 1014 1927 sacerdos
1032 1879 1185 1927 oravit
1199 1878 1261 1926 ad
1276 1879 1536 1926 Dominum
1554 1888 1625 1939 ut,
1650 1879 1762 1941 quia

347 1954 526 2002 malitia
543 1954 643 2018 ejus
663 1954 853 2020 populis
875 1954 1026 2002 filerat
1042 1954 1296 2016 declarata,
1319 1954 1513 2002 tandem
1530 1955 1762 2002 Dominus

345 2046 540 2094 poenam
567 2046 747 2079 cessare
774 2030 962 2094 juberet
983 2047 1012 2078 a
1037 2047 1237 2096 corpore
1253 2068 1266 2093 ,
1305 2041 1353 2079 et
1385 2039 1553 2095 operto
1576 2031 1761 2078 tumulo

347 2106 574 2169 discessit,
601 2123 834 2171 vocesque
860 2109 1070 2156 mulieris
1091 2109 1293 2173 amplius
1316 2124 1416 2156 non
1440 2118 1550 2156 sunt
1571 2108 1757 2156 auditae.

348 2184 490 2232 Vides
514 2201 627 2248 ergo
650 2195 883 2249 quantum
902 2186 1042 2233 distat
1053 2186 1175 2233 inter
1194 2186 1602 2233 conversationem
1621 2186 1760 2232 coele-

346 2270 466 2308 stem
500 2271 546 2309 et
578 2262 871 2327 opulentiam
904 2263 1199 2322 saecularem,
1232 2272 1463 2324 quantum
1484 2261 1625 2309 distat
1640 2262 1763 2329 inter

349 2348 611 2402 martyrum
629 2339 813 2388 divitias
829 2349 876 2388 et
896 2340 1051 2388 saeculi
1069 2355 1294 2404 pompas;
1315 2338 1447 2392 vides
1464 2338 1623 2401 qualia
1642 2354 1763 2386 mar-

346 2415 528 2479 tyribus
549 2417 642 2464 sint
664 2417 836 2465 collata
861 2417 1054 2482 praemia
1075 2416 1136 2463 ad
1158 2416 1263 2463 vitae
1287 2415 1513 2478 religiosae
1535 2430 1762 2479 compen-

347 2491 443 2540 dia.
468 2496 527 2540 Et
547 2503 614 2556 tu,
635 2511 665 2542 o
681 2494 831 2544 homo
850 2493 1078 2553 mortalis,
1100 2509 1199 2540 non
1219 2492 1427 2541 declinas
1442 2508 1472 2540 a
1488 2491 1758 2553 sceleribus,

349 2585 448 2616 non
471 2586 621 2619 cessas
642 2587 671 2619 a
693 2573 839 2634 vitiis,
871 2588 970 2619 non
996 2571 1216 2634 agonizas
1239 2587 1350 2618 cum
1371 2569 1762 2635 concupiscentiis

348 2646 502 2694 saevis!
527 2650 589 2695 Te
610 2649 742 2696 illicit
764 2649 946 2710 oculus,
968 2648 1085 2695 dum
1110 2648 1444 2712 contemplaris
1462 2647 1632 2707 aliena,
1650 2661 1760 2692 cum

348 2735 565 2774 sanctum
578 2737 831 2790 martyrem
849 2742 947 2775 non
967 2726 1156 2774 desse'xit
1171 2726 1439 2772 divitiarum
1456 2723 1633 2772 oblatio
1646 2739 1763 2788 opu-

349 2801 503 2850 lenta!
547 2806 615 2850 Tu
647 2803 1014 2866 cogitationibus
1038 2803 1212 2866 iniquis
1244 2802 1482 2850 fluctuaris
1524 2811 1572 2847 et
1608 2799 1757 2859 cedis,
