2002 3418
353 335 403 371 28
750 335 818 370 DE
848 333 1036 371 GLORIA
1068 333 1367 371 MARTYRUM.

351 438 458 470 mus
480 427 508 485 ¹,
550 421 773 486 angelicis
820 421 978 470 choris
1021 421 1302 470 canentibus
1318 459 1331 484 ,
1372 422 1423 469 in
1463 421 1735 487 paradisum
1751 462 1765 486 ,

350 501 561 548 Domino
590 500 885 567 praecedente
902 538 915 563 ,
947 501 1172 548 translata
1196 510 1281 547 est.
1314 499 1458 563 Cujus
1483 499 1678 549 basilica
1706 501 1768 550 ab

350 578 634 643 imperatore
680 578 993 625 Constantino
1034 577 1302 625 admirabili
1349 592 1493 642 opere
1544 576 1771 627 fabricata

349 656 534 704 renidet
553 674 563 703 :
586 655 648 704 ad
669 672 815 720 quam
837 655 1052 704 adductae
1073 656 1308 703 columnae
1336 671 1448 702 cum
1473 671 1570 719 prae
1591 657 1776 718 magni-

351 734 516 782 tudine
552 734 698 781 levari
735 750 834 780 non
870 731 1089 798 possent,
1130 750 1189 780 eo
1228 732 1362 797 quod
1397 742 1519 779 esset
1550 732 1772 781 circuitus

351 828 516 860 earum
538 811 744 859 sedecim
767 811 964 876 pedum,
983 827 1038 858 ac
1056 810 1223 858 diebus
1242 809 1436 873 singulis
1458 826 1590 857 casso
1607 809 1773 858 labore

350 889 671 953 fatigarentur,
699 890 919 955 apparuit
941 888 1108 936 artifici
1134 898 1296 935 sancta
1314 888 1459 950 Virgo
1478 904 1564 953 per
1588 888 1768 951 visum,

350 966 514 1015 dicens
546 985 556 1013 :
593 986 616 1012 «
645 967 752 1014 Noli
776 976 971 1014 moestus
992 983 1117 1028 esse,
1142 982 1231 1029 ego
1254 966 1384 1012 enim
1404 965 1493 1012 tibi
1522 967 1772 1014 ostendam

349 1046 550 1110 qualiter
570 1044 644 1091 hae
663 1055 841 1109 queant
870 1045 1043 1091 elevari
1076 1044 1329 1091 columnae.
1367 1063 1390 1089 »
1426 1047 1484 1091 Et
1506 1045 1712 1092 ostendit
1727 1046 1772 1092 ei

349 1139 454 1187 quae
494 1131 770 1186 aptarentur
812 1121 1046 1168 machinae
1067 1158 1080 1182 ‚
1132 1121 1334 1185 qualiter
1373 1121 1773 1187 suspenderentur

348 1199 595 1261 trochleae,
639 1198 782 1264 atque
813 1198 1002 1245 funium
1033 1198 1400 1246 extenderentur
1435 1198 1616 1261 officia,
1655 1200 1775 1248 illud

349 1277 555 1324 addens:
577 1296 600 1321 «
614 1277 864 1341 Conjunge
880 1286 1040 1324 tecum
1056 1286 1150 1323 tres
1167 1292 1342 1341 pueros
1365 1276 1426 1323 de
1448 1276 1638 1339 scholis,
1658 1294 1776 1342 quo-

349 1373 457 1403 rum
468 1356 565 1403 hoc
580 1356 819 1419 adjutorio
830 1356 982 1421 possis
995 1355 1198 1421 explere.
1217 1374 1240 1400 »
1257 1356 1403 1413 Quod
1418 1373 1530 1403 cum
1541 1356 1619 1403 ille
1635 1357 1775 1420 evigi-

349 1434 453 1481 lans
486 1450 591 1498 quae
612 1444 848 1499 praecepta
879 1433 1067 1481 fuerant
1101 1443 1387 1499 coaptasset,
1412 1434 1594 1481 vocatis
1622 1433 1774 1482 tribus

349 1512 509 1577 pueris
531 1504 593 1559 aB
619 1511 793 1558 scholis
807 1549 820 1573 ,
852 1512 998 1558 erexit
1025 1527 1211 1558 summa
1232 1511 1480 1558 velocitate
1505 1512 1770 1559 columnas.

351 1590 614 1637 Praestitum
648 1599 718 1636 est
750 1589 941 1654 populis
978 1598 1189 1654 spectare
1222 1589 1507 1636 miraculum
1536 1589 1776 1637 admiran-

350 1668 491 1730 dum,
523 1678 577 1715 ut
604 1667 737 1732 quod
766 1667 1024 1714 multitudo
1050 1668 1264 1714 virorum
1294 1666 1489 1713 fortium
1506 1667 1664 1714 levare
1694 1684 1776 1715 ne-

350 1746 566 1811 quiverat
579 1783 591 1807 ,
629 1757 723 1794 tres
752 1745 940 1811 pueruli
972 1745 1152 1809 absque
1186 1745 1358 1791 virtute
1392 1744 1586 1810 perfecti
1619 1746 1776 1811 operis

351 1822 670 1871 sublevarent.
713 1826 864 1889 Hujus
899 1823 1124 1871 festivitas
1167 1838 1300 1870 sacra
1334 1822 1572 1870 mediante
1611 1839 1775 1871 mense

350 1900 609 1949 undecimo
642 1901 926 1949 celebratur.

416 1981 537 2026 Nam
547 1979 596 2025 in
611 1979 819 2026 oratorio
827 1978 1156 2026 Marciacensis
1163 1978 1336 2025 domus
1346 1977 1543 2025 Arverni
1555 1977 1776 2024 territorii

351 2055 452 2120 ejus
484 2057 694 2122 reliquiae
723 2056 1046 2105 continentur.
1071 2056 1364 2104 Adveniente
1383 2072 1498 2103 vero
1526 2055 1620 2103 hac
1655 2054 1776 2103 festi-

351 2134 494 2181 vitate
511 2171 524 2197 ,
552 2152 642 2199 ego
666 2135 726 2183 ad
764 2134 1075 2182 celebrandas
1110 2134 1292 2199 vigilias
1327 2133 1389 2182 ad
1427 2151 1542 2182 eum
1578 2133 1772 2182 accessi.

352 2213 568 2277 Cumque
588 2230 675 2279 per
696 2212 952 2262 obscuram
976 2222 1168 2260 noctem
1191 2228 1501 2278 properarem
1528 2211 1591 2259 ad
1617 2220 1777 2259 orato·

352 2290 478 2338 rium
491 2329 503 2353 ,
539 2292 745 2357 suspicio
780 2308 810 2339 a
841 2292 983 2355 longe
1018 2307 1103 2356 per
1137 2290 1362 2338 fenestras
1394 2290 1458 2337 ita
1491 2290 1775 2337 immensam

354 2369 615 2417 claritatem
638 2370 887 2433 effulgere,
915 2379 969 2416 ut
989 2377 1236 2434 putaretur
1266 2367 1334 2414 ibi
1365 2366 1622 2415 multitudo
1644 2367 1774 2432 lych-

354 2463 530 2494 norum
554 2464 609 2495 ac
631 2463 879 2495 cereorum
901 2463 1000 2494 esse
1021 2462 1235 2493 accensa.
1259 2445 1468 2493 Credens
1485 2445 1626 2508 igitur
1644 2445 1777 2510 quod

355 2660 442 2699 tinis
461 2660 741 2712 religiosissime
765 2669 842 2699 tam
865 2659 1074 2713 pretiosum
1098 2658 1314 2697 coemelium
1332 2667 1550 2698 asservatur
1566 2666 1605 2697 et
1621 2657 1772 2697 colitur.

354 2724 450 2763 Vide
466 2723 637 2762 libellum
657 2738 703 2763 ea
720 2725 768 2764 de
783 2738 825 2764 re
843 2738 866 2763 a
884 2724 1027 2763 domno
1043 2722 1222 2762 Gabriele
1241 2722 1612 2762 Get-beron'Parisiis
1630 2721 1773 2760 editum

356 2801 458 2827 anno
481 2790 600 2827 1677.
623 2786 703 2841 (R.)

410 2853 465 2900 (1)
482 2852 575 2903 Cap.
594 2863 650 2889 ιν.
