2002 3418
323 339 400 376 278
722 341 789 377 DE
817 339 1005 377 GLORIA
1032 340 1326 378 MARTYRUM.

322 427 447 475 fama
467 427 695 475 facultatis
716 427 815 491 ejus
836 428 994 474 multis
1020 427 1321 475 narrantibus
1338 430 1649 494 pervenisset,
1672 431 1734 478 ad

325 522 575 553 occursum
604 506 727 552 illius
754 521 1010 570 properare
1043 505 1240 553 celerius
1273 521 1373 552 non
1396 506 1598 553 tardavit
1616 544 1629 567 ‚
1663 507 1735 555 di-

323 599 436 630 cens
460 600 471 628 z
506 601 530 626 «
550 584 714 629 Latere
733 591 779 629 te
798 599 897 629 non
917 592 1052 647 puto,
1078 599 1109 629 o
1127 581 1409 630 venerabilis
1429 592 1595 644 mater,
1620 600 1736 647 qua-

322 661 428 709 liter
452 676 482 708 a
502 660 655 725 specie
681 661 784 708 auri
803 661 1008 707 thesauri
1030 659 1208 725 publici
1236 660 1331 707 sint
1357 659 1596 722 exhausti,
1620 661 1736 709 dum

322 755 409 786 vos
430 739 616 802 quietos
638 754 739 786 esse
759 739 980 786 volumus
995 775 1008 800 ‚
1031 738 1149 785 dum
1169 738 1344 803 patrias
1364 736 1608 786 defensare
1641 749 1737 786 stu-

323 814 491 863 demus
509 853 523 877 ,
561 815 679 862 dum
712 825 874 878 gentes
924 815 1064 863 nobis
1099 816 1374 881 placamus,
1391 815 1529 875 *dum
1572 816 1738 865 solatia

323 891 621 940 diversorum
651 891 814 939 dando
849 893 1191 956 conquirimus.
1227 895 1370 956 Ergo,
1395 882 1521 956 'quia
1543 892 1629 940 tibi
1650 910 1738 959 po·

324 970 470 1017 tentia
487 969 744 1033 majestatis
767 969 940 1016 divinae
968 970 1173 1017 multum
1198 970 1401 1017 contulit
1426 971 1529 1017 auri
1544 1007 1557 1032 ,
1579 988 1737 1035 quaeso

324 1058 379 1095 ut
411 1046 555 1095 nobis
600 1062 797 1093 manum
848 1047 1063 1110 porrigas
1104 1056 1246 1111 atque
1295 1047 1476 1111 aliquid
1526 1049 1739 1113 pecuniae

324 1124 602 1173 commodes
615 1161 628 1184 ‚
658 1133 712 1171 ut
743 1123 937 1185 scilicet,
974 1141 1086 1171 cum
1115 1123 1405 1172 tributorum
1435 1125 1739 1190 publicorum

324 1202 464 1249 fuerit
497 1217 685 1249 summa
717 1200 898 1262 delata,
934 1201 1062 1248 illico
1101 1201 1188 1248 tibi
1220 1218 1325 1266 quae
1361 1203 1741 1252 commodaveris

242 1299 247 1304 ·
323 1280 657 1341 reformentur,
683 1295 740 1327 ac
772 1280 822 1326 in
844 1289 1089 1345 posterum
1103 1317 1117 1341 ,
1153 1280 1306 1328 laudis
1329 1290 1422 1328 tuae
1452 1281 1591 1330 titulo
1623 1299 1741 1347 prae-

323 1366 541 1404 currente
561 1393 575 1418 ‚
623 1365 821 1404 canatur
865 1356 1038 1404 urbem
1091 1358 1671 1422 Constantinopolitanam
1712 1376 1742 1408 a

323 1434 508 1481 Juliana
534 1444 755 1482 matrona
786 1434 926 1483 suisse
958 1436 1174 1501 pecuniis
1199 1436 1509 1483 sublevatam.
1536 1455 1559 1481 υ
1585 1438 1640 1484 At
1662 1437 1742 1484 illa

325 1512 588 1576 intelligens
627 1513 928 1577 imperatoris
984 1513 1231 1576 ingenium
1286 1514 1521 1578 sapienter
1564 1513 1745 1577 obtegit

324 1606 428 1652 quae
443 1591 545 1636 Deo
561 1589 844 1651 devoverat,
870 1590 1033 1638 dicens
1053 1608 1065 1636 ε
1089 1611 1113 1633 «
1130 1590 1339 1637 Parvitas
1359 1589 1598 1637 redituum
1610 1608 1743 1638 meo-

324 1679 449 1724 rum,
474 1673 572 1710 tam
591 1662 651 1710 de
671 1663 856 1710 tributis
871 1680 1017 1727 quam
1037 1665 1169 1728 quod
1187 1664 1247 1711 de
1264 1664 1493 1711 fructibus
1509 1675 1737 1730 speratur,

323 1754 410 1803 per
436 1738 560 1803 ipsas
583 1738 742 1786 adhuc
768 1739 941 1787 residet
970 1740 1172 1800 domos3
1204 1741 1242 1788 si
1263 1757 1376 1804 ergo
1401 1741 1564 1790 Gloria
1581 1743 1742 1790 Vestra

323 1815 581 1880 recipiendi
613 1817 820 1881 spatium
858 1816 1078 1864 tribuerit
1092 1855 1106 1878 ,
1137 1834 1249 1866 cum
1289 1818 1543 1866 collectum
1576 1818 1738 1881 filerit,

324 1895 601 1958 conspectui
639 1904 797 1942 vestro
850 1895 1280 1960 repraesentabitur.
1338 1897 1554 1958 Cumque
1593 1897 1743 1943 oculis

323 1968 528 2032 propriis
546 1978 718 2016 cuncta
739 1970 1047 2035 contemplati
1069 1969 1246 2018 fueritis
1257 2007 1270 2030 ‚
1295 1986 1399 2034 quae
1416 1970 1681 2034 placuerint
1697 1980 1745 2017 et

323 2045 598 2109 relinquetis
643 2055 690 2092 et
734 2046 970 2094 auferetis.
1011 2047 1112 2094 Erit
1146 2047 1265 2094 mihi
1299 2057 1456 2094 ratum
1490 2047 1622 2112 quod
1657 2063 1743 2094 vo-

323 2122 479 2170 luntas
486 2122 644 2171 cordis
656 2124 795 2170 vestri
806 2125 1056 2171 censuerit.
1068 2143 1091 2168 »
1106 2125 1188 2171 His
1201 2125 1266 2172 ita
1276 2124 1467 2172 delusus
1486 2125 1744 2190 imperator

322 2199 478 2247 verbis
493 2237 506 2260 ‚
539 2200 602 2248 ad
634 2201 865 2265 palatium
899 2201 1111 2264 gaudens
1141 2202 1304 2262 rediit,
1335 2211 1507 2266 putans
1540 2218 1590 2248 se
1617 2202 1744 2249 hanc

321 2278 575 2341 pecuniam
599 2279 701 2342 jam
731 2280 781 2326 in
815 2279 1046 2327 thesauris
1073 2279 1276 2345 publicis
1308 2280 1605 2327 retinerezAt
1633 2281 1739 2342 illa,

321 2356 500 2403 vocatis
523 2355 810 2418 artificibus,
843 2367 1077 2422 quantum
1104 2358 1310 2422 reperire
1342 2359 1446 2405 auri
1476 2358 1526 2405 in
1547 2373 1743 2424 promp-

255 2470 261 2476 ,
320 2434 483 2481 tuariis
503 2435 660 2498 potuit
681 2433 878 2482 tradidit
902 2435 1112 2495 occulte,
1140 2434 1305 2482 dicens
1333 2452 1346 2481 ε
1376 2453 1399 2479 «
1417 2437 1484 2483 Ite
1513 2444 1586 2497 et,
1611 2435 1744 2484 factis

317 2508 452 2572 juxta
494 2526 770 2558 mensuram
819 2512 1063 2574 tignorum
1121 2510 1324 2573 tabulis,
1363 2509 1493 2559 beati
1546 2527 1604 2559 ex
1647 2511 1744 2558 hoc

322 2588 522 2636 Poliocti
558 2589 776 2654 martyris
805 2605 1043 2638 cameram
1079 2599 1303 2637 exornate
1325 2626 1339 2651 ,
1385 2606 1448 2637 ne
1481 2589 1583 2637 haec
1613 2590 1743 2636 avari

322 2663 621 2729 imperatoris
638 2683 810 2715 manus
829 2668 1043 2730 attingat.
1063 2686 1087 2734 ξ)
1113 2668 1183 2715 Illi
1207 2685 1322 2715 vero
1345 2667 1553 2733 perfecta
1581 2668 1744 2716 omnia

323 2756 427 2804 quae
472 2752 692 2791 matrona
742 2754 1029 2808 praeceperat
1077 2760 1275 2792 camerae
1310 2745 1562 2793 affixerunt
1607 2753 1743 2792 texe-

322 2828 528 2884 runtque
561 2837 618 2868 ex
651 2838 770 2869 auro
802 2822 1134 2871 mundissimo.
1169 2826 1279 2882 Quo
1313 2840 1455 2889 opere
1492 2823 1711 2889 explicito
1725 2861 1738 2885 ,
