2002 3418
400 367 476 406 388
699 367 766 404 DE
793 365 1059 405 MIRACULIS
1087 365 1256 403 SANC‘n
1282 366 1492 404 JULIANI.

397 455 527 503 enim
551 464 652 502 erat
681 454 898 519 mensis);
934 464 981 502 et
1009 454 1082 501 hae
1109 454 1175 502 ita
1205 463 1340 502 erant
1360 452 1534 501 virides
1557 468 1614 501 30
1637 453 1675 500 51
1702 468 1801 500 eas-

395 530 508 578 dem
537 530 683 595 ipsius
715 538 904 595 putares
930 529 1059 577 horae
1098 539 1343 576 momento
1376 529 1519 576 ramis
1543 526 1801 575 virentibus

395 623 490 656 esse
521 607 781 673 decerptas.
812 611 943 654 Tunc
969 624 1080 654 cum
1103 606 1269 670 grandi
1293 605 1554 654 reverentia
1584 605 1802 653 collectas

394 686 615 734 secretius
639 686 823 752 posuit,
853 685 1013 733 multis
1039 685 1207 733 exinde
1230 684 1430 732 infirmis
1458 683 1803 731 medicamenta

394 763 698 812 distribuens.
731 768 851 812 Nam
883 781 1228 828 energumenus
1254 763 1451 829 quidam
1481 779 1537 810 ex
1565 763 1802 810 Turonico

394 843 590 891 veniens
606 879 619 903 ‚
653 852 707 890 ut
735 842 904 890 exinde
926 842 1193 891 delibutum
1215 853 1383 908 potum
1406 841 1631 907 sumpsit,-
1653 840 1802 904 ejecto

394 919 611 968 daemone
632 930 859 985 purgatus
881 919 1121 968 abscessit.

937 1036 1092 1073 CAPUT
1117 1037 1269 1076 XLVII.

875 1109 929 1143 De
945 1107 1091 1143 muliere
1107 1107 1328 1143 inluminata.

458 1188 625 1237 Mulier
659 1199 761 1237 erat
784 1205 814 1237 a
850 1189 1092 1238 nativitate
1119 1205 1242 1238 caeca
1257 1227 1270 1252 ,
1309 1205 1412 1255 quae
1447 1205 1498 1237 se
1530 1188 1741 1238 exhiberi
1775 1206 1805 1239 a

391 1266 668 1333 parentibus
698 1266 760 1315 ad
788 1267 916 1315 beati
939 1268 1131 1315 Martini
1158 1267 1397 1315 tumulum
1424 1266 1675 1333 deprecata
1698 1276 1768 1315 est
1791 1285 1802 1313 :

392 1343 477 1392 ubi
497 1361 610 1392 cum
631 1344 850 1404 venisset,
874 1354 1108 1410 prostrata
1128 1361 1214 1411 per
1234 1344 1444 1392 triduum
1469 1343 1532 1392 ad
1551 1343 1802 1404 canceHOS,

393 1422 476 1487 qui
507 1431 617 1470 ante
643 1422 914 1487 sepulcrum
943 1423 1093 1470 sancti
1123 1422 1340 1470 antistitis
1371 1420 1610 1469 habentur
1637 1421 1807 1469 extrin-

394 1515 545 1557 secus,
582 1515 864 1565 responsum
889 1501 1071 1566 accepit
1100 1517 1186 1565 per
1208 1499 1466 1561 somnium,
1500 1497 1686 1546 dicente
1716 1496 1806 1545 sibi

394 1586 558 1625 sancto
574 1578 676 1625 viro
701 1597 711 1624 :
738 1597 761 1624 «
780 1580 829 1626 Si
841 1580 1003 1627 lumen
1021 1579 1228 1644 recipere
1250 1577 1503 1640 desideras,
1524 1578 1710 1642 require
1722 1575 1807 1624 ba·

394 1655 576 1702 silicam
597 1656 746 1702 sancti
765 1646 954 1718 juliani,
972 1657 1022 1704 111
1038 1673 1149 1721 qua,
1169 1656 1286 1703 dum
1303 1654 1573 1721 praesidium
1592 1654 1807 1719 martyris

394 1741 605 1796 expetes,
640 1733 719 1779 ille
749 1733 1032 1796 conjunctus
1063 1734 1263 1781 Martino
1291 1734 1445 1782 visum
1477 1732 1566 1779 tibi
1595 1748 1805 1780 necessa-

395 1809 543 1871 rium,
593 1809 734 1856 simul
777 1811 1049 1858 orationum
1078 1827 1271 1858 suarum
1309 1810 1542 1874 suffiagiis
1554 1838 1578 1870 ‚-
1616 1825 1808 1858 revoca-

395 1883 536 1934 bunt.
558 1907 581 1930 »
602 1889 865 1951 Exsurgens
891 1898 1051 1935 autem
1074 1889 1260 1948 mulier,
1285 1899 1332 1936 et
1351 1889 1575 1952 ignorans
1601 1885 1734 1950 quod
1755 1887 1806 1934 in

395 1964 632 2012 Turonico
659 1964 801 2028 hujus
821 1966 1039 2029 martyris
1060 1966 1266 2030 reliquiae
1292 1975 1581 2027 tenerentur,
1606 1963 1669 2012 ad
1691 1966 1807 2012 San-

395 2041 607 2089 tonicam
629 2040 801 2089 urbem
830 2041 1004 2106 dirigit.
1031 2043 1292 2091 Victorina¹
1321 2044 1498 2091 etenim
1522 2040 1808 2090 materfami-

396 2115 508 2180 lias,
536 2135 594 2167 ex
615 2119 769 2168 nobili
788 2120 932 2186 stirpe
953 2121 1215 2186 progenita,
1242 2122 1292 2168 in
1315 2121 1434 2169 villae
1455 2138 1548 2169 suae
1570 2119 1806 2168 territorio

397 2193 642 2245 basilicam
692 2207 1019 2247 construxerat
1060 2198 1372 2263 reliquiasque
1416 2198 1544 2247 beati
1592 2197 1808 2261 martyris

398 2275 694 2326 condiderat.
737 2277 809 2325 Ad
857 2278 983 2327 hanc
1028 2295 1140 2342 ergo
1186 2277 1336 2327 aedem
1374 2278 1545 2326 mulier
1579 2275 1808 2340 accedens

400 2362 505 2400 orat
538 2370 624 2418 per
648 2354 878 2404 triduum.
917 2357 1004 2404 Die
1040 2366 1199 2405 autem
1226 2356 1378 2415 tertia,
1418 2355 1610 2403 advenit
1642 2352 1808 2405 natalis

400 2431 614 2495 Baptistae
641 2432 871 2481 dominici
893 2451 905 2480 ε
928 2443 1078 2482 stante
1105 2444 1263 2482 autem
1282 2433 1462 2498 populo
1483 2442 1531 2480 et
1549 2432 1807 2480 lectionum

399 2505 624 2570 dogmata
641 2511 950 2570 auscultante,
976 2510 1134 2558 subito
1152 2527 1369 2558 murmur
1389 2526 1616 2573 magnum
1638 2507 1804 2555 oritur.

400 2583 648 2649 Presbyter
672 2604 787 2635 vero
811 2588 895 2651 qui
917 2587 1146 2635 solemnia
1177 2585 1468 2647 celebrabat,
1495 2585 1808 2651 comprimere

398 2676 540 2709 voces
572 2665 790 2729 cupiens,
831 2666 1089 2729 interrogat
1123 2664 1240 2729 quid
1269 2665 1365 2714 hoc
1395 2674 1531 2713 esset.
1566 2664 1653 2711 Cui
1683 2679 1808 2711 unus

450 2802 507 2850 (1)
524 2800 632 2840 Colb.
654 2815 692 2849 a,
718 2803 964 2852 Victurt'an03
980 2803 1101 2843 Laud.
1130 2805 1336 2844 Victurina.
1358 2805 1632 2853 (R.)—-—2204,
1651 2805 1804 2842 Sancto-

398 2865 534 2914 nicam,
564 2864 769 2905 Victurina.
