2002 3418
311 305 387 342 164
711 305 778 342 DE
806 304 993 343 GLORIA
1019 304 1316 342 MARTYRUM.

308 391 448 439 beato
468 392 685 458 sepulcro
701 392 869 441 affixus
887 402 1002 455 erat,
1021 393 1338 451 illuminatur;
1365 390 1524 453 sicque
1541 389 1716 438 sactum

307 479 376 516 est
397 479 450 516 ut
479 486 584 534 quae
611 469 834 518 humanae
858 487 953 518 non
991 471 1289 535 expleverant
1314 467 1553 514 industriae
1583 484 1718 532 pera·

305 555 525 608 gerentur
555 545 703 592 divini
728 545 936 592 numinis
963 546 1233 609 majestate3
1266 552 1475 592 cessante
1500 542 1715 591 humano

303 624 460 671 studio
493 624 698 671 coelestia
729 623 885 671 officia
909 624 1251 684 ministrantur,
1284 621 1572 683 luminisque
1603 621 1716 668 novi

302 701 484 765 fulgore
500 718 662 748 cereus
678 701 960 749 clarificatur
975 717 1217 748 accensus.
1238 699 1383 758 Quod
1397 715 1509 746 cum
1526 698 1717 766 populis

300 779 649 826 manifestatum
688 779 870 841 fuisset,
913 779 1256 826 incrementum
1297 777 1390 824 foci
1426 776 1620 822 ulterius
1653 776 1715 824 ad

295 857 655 904 accendendum
697 857 859 903 lumen
910 857 1068 903 nullus
1119 855 1346 903 exhibere
1398 854 1709 918 praesumpsit.

296 937 553 999 Postquam
593 941 708 982 vero
746 936 879 981 locus
923 935 1000 982 ille
1039 934 1294 982 inhabitari
1331 933 1392 981 ab
1432 932 1714 980 hominibus

292 1011 477 1058 assidue
496 1012 655 1076 coepit,
681 1021 822 1075 atque
845 1010 912 1058 ibi
937 1011 1110 1058 domus
1129 1012 1177 1058 in
1204 1012 1379 1075 quibus
1406 1010 1527 1073 ignis
1547 1026 1712 1058 accen-

291 1089 480 1135 deretur
502 1088 734 1149 adessent,
758 1088 854 1135 hoc
877 1089 1160 1135 miraculum
1183 1105 1283 1134 non
1309 1098 1378 1134 est
1395 1087 1518 1134 ultra
1540 1088 1711 1152 praesti-

289 1176 390 1213 tum
413 1165 560 1231 plebi,
589 1183 700 1214 cum
724 1166 826 1213 aliis
852 1165 1090 1213 miraculis
1115 1165 1404 1230 frequentius
1435 1164 1704 1212 illustretur.

839 1309 996 1344 CAPUT
1021 1309 1158 1345 LVIII.

811 1401 864 1435 De
881 1410 1000 1436 sancto
1020 1400 1180 1448 Eugenio
1187 1428 1196 1437 .

348 1494 491 1540 Huic¹
523 1503 698 1558 cryptae
724 1495 931 1541 sociatur
957 1504 1004 1541 et
1032 1494 1110 1541 ille
1142 1491 1532 1540 Honorificianae'
1553 1507 1707 1558 perse-

283 1570 487 1617 cutionis
508 1581 686 1635 martyr
718 1572 995 1635 Eugenius³,
1024 1570 1327 1618 sacerdotalis
1362 1569 1522 1616 infulae
1557 1570 1704 1616 maxi-

282 1665 416 1695 mum
446 1647 615 1711 decus,
643 1665 788 1713 quem
809 1650 859 1695 in
884 1648 977 1696 hac
1006 1648 1125 1695 urbe
1156 1647 1404 1695 detrusum
1432 1647 1596 1695 exsilio
1627 1647 1702 1694 vel

280 1725 426 1790 ipsius
452 1726 527 1773 vel
554 1727 795 1775 sociorum
823 1726 923 1791 ejus
947 1727 1104 1792 passio
1127 1736 1303 1774 narrat.
1334 1726 1440 1788 Hic,
1467 1742 1576 1772 cum
1605 1742 1704 1773 ma-

280 1805 383 1867 gnis
413 1804 464 1852 in
498 1805 669 1852 saeculo
700 1806 898 1870 polleret
926 1804 1206 1866 virtutibus,
1245 1814 1292 1851 et
1317 1804 1418 1868 jam
1452 1804 1605 1851 victor
1641 1803 1702 1851 de

279 1883 527 1930 tormentis
557 1882 906 1946 martyrialibus
937 1882 1194 1945 exsiliisset,
1227 1891 1416 1947 tempus
1437 1880 1702 1929 vocationis

279 1976 374 2006 suae
405 1976 504 2024 quo
539 1960 839 2007 arcersiretur
869 1959 931 2008 ad
957 1960 1180 2024 gloriam,
1209 1960 1420 2007 Domino
1442 1957 1696 2020 revelante,

279 2038 526 2102 cognovit,
559 2037 679 2086 illud
710 2039 948 2104 praecipue
985 2037 1118 2103 quod
1161 2038 1351 2103 populis
1392 2035 1700 2084 occulebatur

279 2113 581 2162 manifestum
615 2131 844 2177 noscens,
884 2132 932 2162 se
970 2115 1165 2179 martyri
1206 2114 1477 2162 Amarando
1515 2112 1696 2161 socium

332 2311 386 2358 (1)
404 2309 520 2362 Apud
548 2311 635 2350 cod.
664 2311 764 2351 Clar.
786 2310 827 2358 b,
858 2310 899 2349 in
924 2311 1096 2362 margine
1125 2309 1299 2358 additur,
1325 2311 1434 2361 apud
1454 2309 1691 2362 Albigensem

278 2370 415 2410 urbem.
437 2374 650 2425 Eugenium
669 2387 760 2412 mss.
786 2374 826 2412 in
844 2373 977 2426 capitis
997 2374 1104 2411 titulo
1122 2383 1322 2423 martyrem
1345 2373 1491 2412 dicunt.
1513 2375 1598 2422 (R.)

328 2436 382 2481 (Ξ)
403 2436 624 2486 Legendum
643 2437 920 2474 Hunericianae.
946 2435 1020 2473 Hic
1039 2448 1178 2487 nempe
1208 2434 1423 2474 celebratur
1443 2443 1596 2473 sanctus
1614 2437 1691 2473 Eu—

274 2494 422 2545 geniuS,
437 2497 758 2550 Carthaginiensis
770 2498 940 2545 antistes,
956 2497 1037 2548 qui,
1054 2506 1227 2549 tempore
1242 2497 1425 2536 Hunerici
1433 2497 1690 2536 Vandalorum

272 2558 314 2595 in
331 2559 459 2597 Africa
484 2561 598 2613 regis,
619 2561 733 2600 fidem
755 2561 938 2600 adversus
957 2560 1120 2599 Arianos
1139 2561 1322 2599 defendit.
1343 2561 1419 2600 Sed
1438 2560 1607 2608 tandem,
1623 2559 1689 2608 ju·-

273 2618 388 2658 bente
408 2623 690 2672 Trasamundo,
712 2623 752 2662 in
777 2623 918 2663 Gallias
942 2623 1150 2674 relegatuS,
1172 2622 1319 2676 Albigae
1339 2623 1539 2662 defunctus
1558 2630 1616 2660 est
1643 2635 1688 2659 ac

271 2684 441 2735 sepultus
461 2699 582 2738 prope
603 2695 776 2726 sanctum
797 2685 1074 2734 Amarandum,
1106 2694 1222 2738 atque
1244 2699 1331 2725 cum
1352 2699 1398 2724 eo
1422 2685 1462 2724 in
1489 2683 1687 2723 ecclesiam

270 2746 527 2786 cathedralem
553 2750 756 2788 translatus
778 2758 849 2790 est.
870 2753 948 2799 (R.)

321 2810 375 2857 (3)
396 2811 471 2849 An.
494 2812 588 2860 505,
611 2813 659 2849 13
675 2811 747 2860 jul.
772 2814 858 2860 (R.)
