2002 3418
449 341 526 379 138
859 345 926 381 DE
954 344 1140 382 GLORIA
1168 345 1466 383 MARTYRUM.

991 482 1148 518 CAPUT
1171 482 1343 521 XLVIII.

956 580 1009 613 De
1025 587 1146 614 sancto
1162 578 1370 614 Saturnino.

492 676 792 733 ‘Saturninus
815 692 929 724 vero
953 688 1132 742 martyr
1148 681 1178 739 ¹,
1199 687 1253 724 ut
1268 677 1431 739 fertur,
1457 677 1518 726 ab
1543 679 1867 743 apostolorum

444 751 685 817 discipulis
723 754 996 816 ordinatus,
1038 755 1088 801 in
1125 754 1294 802 urbem
1332 755 1655 802 Tolosatium²
1690 758 1766 803 est'
1792 757 1866 804 di-

443 841 614 878 rectus.
641 833 754 894 Qui,
783 834 991 898 impulsu
1018 850 1341 898 paganorum,
1375 833 1515 881 bovis
1551 834 1726 899 petulci
1761 836 1867 883 reli-

443 918 577 970 gatus
600 910 821 972 vestigiis,
847 927 934 974 per
956 910 1129 973 gradus
1149 912 1368 976 Capitolii
1393 899 1724 976 praecipitatus,
1749 929 1866 978 prae-

442 995 625 1032 sentem
648 986 801 1034 finivit
821 988 993 1049 vitam,
1019 989 1184 1054 capitis
1208 1006 1439 1054 compage
1461 990 1688 1054 dispersa.
1723 992 1867 1055 Cuj11s

441 1063 652 1126 reliquiae
677 1078 788 1111 eum
811 1081 841 1112 a
862 1064 1153 1129 quibusdam
1182 1067 1411 1130 religiosis
1443 1067 1493 1114 in
1528 1068 1772 1131 regionem
1799 1070 1867 1116 al-

440 1149 591 1186 teram
629 1141 1012 1203 transferrentur,
1052 1143 1230 1190 itineris
1273 1144 1394 1191 ordo
1437 1145 1640 1192 contulit
1680 1155 1734 1192 ut
1770 1147 1867 1192 Bri·

439 1218 645 1264 vatensis
679 1219 789 1284 pagi
824 1220 967 1267 situm
1001 1220 1051 1266 in
1089 1223 1299 1268 Arverno
1336 1222 1574 1270 territorio
1610 1225 1866 1271 terminum

439 1296 748 1358 praeterirent.
791 1298 901 1345 Sole
936 1315 1131 1362 quoque
1167 1308 1334 1346 ruente
1348 1337 1360 1361 ,
1395 1300 1458 1347 ad
1489 1299 1751 1365 hospitium
1785 1317 1867 1347 cu—

435 1372 628 1435 jusdam
649 1375 873 1439 pauperis
898 1374 1165 1436 divertunt,
1191 1376 1453 1423 mansionis
1475 1376 1764 1442 postulando
1785 1394 1868 1432 ne-

439 1451 720 1498 cessitatem.
748 1453 939 1517 Recepti
957 1469 1151 1517 quoque
1168 1452 1229 1500 ab
1246 1453 1461 1516 homine,
1483 1453 1600 1518 quid
1613 1453 1869 1502 exhibeant

440 1538 652 1575 narrant.
698 1530 752 1576 At
770 1567 783 1591 ,
824 1529 904 1576 ille
939 1530 1249 1578 humanitatis
1280 1531 1455 1577 intuitu
1488 1541 1536 1578 et
1571 1531 1660 1578 Dei
1696 1532 1868 1579 timore

438 1607 779 1669 commonitus,
802 1624 992 1673 capsam
1013 1624 1124 1654 cum
1137 1608 1348 1672 reliquiis
1363 1609 1414 1654 in
1434 1609 1603 1656 cellam
1620 1609 1866 1673 penariam

439 1686 604 1748 ponit,
631 1702 687 1732 ac
709 1702 852 1751 super
873 1702 1119 1733 annonam
1134 1723 1146 1747 ‚
1182 1702 1287 1749 quae
1312 1695 1413 1733 erat
1435 1686 1486 1732 in
1509 1702 1619 1733 vase
1643 1685 1862 1747 condita,

438 1762 580 1810 locat.
619 1764 759 1810 Mane
781 1779 976 1828 quoque
999 1763 1111 1811 dato
1126 1801 1138 1825 ,
1173 1764 1291 1824 viri,
1321 1763 1526 1829 acceptis
1555 1752 1862 1829 pignoribus,

442 1840 613 1902 gratias
635 1850 826 1903 agentes
845 1841 1056 1902 homini,
1092 1841 1180 1888 iter
1206 1840 1339 1905 quod
1361 1850 1603 1906 coeperant
1624 1839 1860 1888 abierunt.

439 1918 665 1982 Sequenti
698 1934 813 1965 vero
846 1928 987 1965 nocte
1021 1919 1308 1966 admonetur
1340 1919 1414 1965 vir
1446 1919 1525 1966 ille
1557 1934 1645 1983 per
1680 1917 1861 1978 visum,

439 1995 628 2042 dicente
654 1996 744 2043 sibi
760 1996 972 2060 quodam
995 2014 1107 2044 sene
1133 2015 1143 2043 :
1174 2016 1198 2042 «
1223 2000 1292 2044 Ne
1318 2013 1513 2044 maneas
1534 1997 1585 2043 in
1609 1995 1706 2043 hoc
1725 1996 1861 2062 loc03

439 2072 757 2122 sanctificatus
769 2085 840 2122 est
851 2075 980 2122 enim
993 2091 1019 2122 a
1033 2075 1315 2140 pignoribus
1330 2075 1549 2139 martyris
1562 2075 1819 2122 Saturnini.
1839 2095 1861 2117 »

439 2153 521 2199 Ille
563 2168 758 2216 quoque
797 2153 1150 2217 parvipendens
1189 2153 1423 2200 visionem
1453 2152 1572 2199 nihil
1602 2152 1662 2199 de
1689 2152 1787 2214 his,
1813 2162 1867 2199 ut

439 2229 585 2276 habet
627 2230 859 2277 rusticitas
879 2267 891 2291 ‚
933 2247 1038 2294 quae
1079 2230 1352 2277 admonitus
1391 2228 1543 2276 fuerat
1577 2229 1859 2276 retractavit.

443 2309 537 2353 Nec
559 2323 714 2366 mora,
741 2308 877 2354 irruit
898 2308 948 2354 in
969 2308 1180 2368 taedium,
1210 2324 1266 2354 ac
1288 2295 1496 2372 parvitas
1514 2305 1746 2353 facultatis
1765 2305 1866 2370 ejus

441 2386 585 2449 coepit
617 2385 848 2450 paulatim
882 2385 1062 2444 minui;
1101 2401 1223 2432 uxor
1258 2400 1374 2431 vero
1407 2384 1531 2432 illius
1553 2383 1615 2431 ab
1641 2383 1736 2431 alio
1763 2383 1865 2430 lan-

442 2478 589 2524 guore
625 2461 882 2509 tabescere.
918 2462 1047 2520 Quid
1072 2461 1241 2526 plura?
1270 2462 1395 2509 intra
1422 2478 1574 2509 unum
1606 2478 1789 2510 annum
1814 2460 1864 2507 in

473 2679 478 2683 .
496 2653 551 2698 (1)
568 2650 664 2688 Vide
682 2654 779 2690 Acta
796 2654 911 2692 Mart.
932 2651 1100 2698 sincera,
1121 2664 1211 2703 pag.
1234 2653 1311 2689 109
1323 2680 1334 2697 ‚
1355 2650 1421 2689 ubi
1439 2652 1550 2703 plura
1569 2650 1617 2689 de
1633 2650 1710 2689 hoc
1732 2657 1864 2688 sancto

441 2712 608 2750 antistite
618 2712 920 2753 observavimus.
934 2711 1028 2766 Ejus
1041 2714 1265 2764 martyrium
1273 2714 1502 2765 Apollinaris
1517 2713 1709 2761 Sidonius,
1718 2711 1862 2762 lib.lX,

443 2774 554 2825 epist.
574 2788 659 2821 xvi,
679 2783 717 2812 et
734 2777 979 2821 Fortunatus,
1007 2774 1149 2828 1111.·Π,
1170 2788 1290 2815 carm.
1312 2790 1406 2823 vm,
1426 2775 1682 2814 celebrarunt.
1703 2777 1784 2824 (R.)

499 2835 552 2888 (2)
575 2837 853 2884 Thalama-ium,
874 2851 959 2888 sup.
982 2839 1074 2877 478.
