2002 3418
358 338 435 375 182
757 341 824 376 DE
854 339 1037 377 GLORIA
1070 340 1368 377 MARTYRUM.

357 445 470 475 cum
506 428 684 475 viritim
718 429 915 493 sepelire
929 466 942 488 ‚
977 437 1172 494 propter
1207 428 1412 475 aliorum
1446 429 1773 493 sepulcrorum

359 506 717 554 multitudinem
748 522 853 570 quae
895 507 1058 554 locum
1100 506 1234 553 illum
1256 505 1318 554 ab
1341 507 1541 571 antiquo
1562 508 1773 573 repleve-

357 593 483 645 rant,
525 600 625 630 non
659 583 909 645 haberent,
945 594 1280 648 congregatam
1300 584 1479 631 ossium
1501 600 1706 632 massam
1724 585 1774 632 in

357 656 503 711 unam
526 663 830 727 projicientes
869 663 1044 710 fossam
1075 662 1226 709 humo
1255 672 1548 728 operuerunt
1574 679 1585 708 z
1609 662 1772 726 idque,

359 740 494 807 quod
515 743 619 787 Deo
645 741 721 788 vel
742 749 907 787 sancto
930 741 1125 805 martyri
1149 739 1438 805 acceptabile
1466 756 1567 787 non
1589 740 1772 802 fuisset,

357 836 444 885 per
465 819 622 866 visum
650 818 842 866 cuidam
867 819 1109 883 apparuit3
1141 819 1352 883 viditque
1379 819 1530 866 homo
1557 818 1636 866 ille
1661 834 1777 866 con·

356 906 638 963 querentem
659 895 857 943 beatum
879 897 1204 958 Antolianum,
1229 913 1343 944 cum
1371 897 1566 960 reliquis
1583 897 1773 958 sanctis,

354 985 497 1039 atque
536 974 775 1021 dicentem
797 993 809 1021 z
834 992 858 1018 «
889 976 969 1020 Vae
1006 974 1148 1035 mihi,
1181 975 1294 1040 quia
1318 984 1516 1039 propter
1539 991 1617 1022 me
1640 975 1778 1022 multi

355 1053 555 1099 fratrum
591 1067 811 1097 meorum
852 1050 1063 1114 injuriati
1100 1062 1211 1098 sunt
1245 1070 1255 1098 :
1294 1062 1624 1100 verumtamen
1667 1051 1777 1100 dico

357 1129 468 1194 quia
490 1129 574 1193 qui
615 1128 717 1175 haec
748 1137 998 1192 coeperunt
1035 1127 1098 1175 ad
1139 1128 1362 1175 effectum
1391 1130 1652 1194 perducere
1675 1147 1776 1177 non

355 1216 574 1272 possunt.
591 1226 613 1250 >2
628 1205 775 1264 Quod
788 1206 853 1253 ita
868 1215 1052 1269 gestum
1068 1215 1153 1252 est.
1165 1206 1342 1253 Erectis
1350 1215 1511 1254 tamen
1518 1207 1779 1271 parietibus

356 1301 499 1349 super
522 1284 669 1332 altare
689 1283 802 1331 aedis
825 1283 950 1330 illius
965 1319 978 1344 ‚
1018 1293 1197 1330 turrem
1220 1299 1276 1331 ac
1299 1282 1572 1345 columnis',
1594 1283 1775 1349 pharis,

353 1361 668 1427 heracliisque
706 1362 1012 1410 transvolutis
1047 1361 1254 1409 arcubus
1293 1371 1543 1409 erexerunt
1559 1398 1572 1422 ‚
1608 1363 1780 1411 miram

355 1456 553 1487 camerae
577 1439 798 1487 lucorum
823 1438 1172 1487 diversitatibus
1197 1440 1505 1503 imaginatam
1546 1438 1779 1487 adhiben-

353 1526 423 1564 tes
442 1517 695 1582 picturam.
727 1520 850 1565 Nam
871 1518 937 1565 ita
958 1516 1046 1564 fuit
1069 1517 1167 1564 hoc
1186 1534 1309 1582 opus
1329 1517 1519 1581 elegans
1539 1527 1587 1564 et
1608 1517 1779 1565 subtile

352 1604 406 1641 ut
422 1612 507 1660 per
527 1595 674 1658 longa
696 1604 913 1661 tempora
935 1596 1167 1643 rimarum
1181 1596 1560 1660 frequentatione
1570 1595 1778 1643 divisum

353 1688 476 1736 pene
497 1673 549 1719 in
584 1672 774 1720 ruinam
803 1672 1014 1737 pendere
1037 1673 1294 1720 videretur.
1341 1673 1486 1731 Quod
1511 1673 1778 1738 periculum

353 1750 514 1796 Avitus
537 1748 751 1814 pontifex
772 1765 990 1810 cernens,
1017 1750 1283 1814 anticipans
1305 1748 1513 1797 futuram
1534 1749 1779 1798 columna-

354 1843 462 1874 rum
484 1836 706 1889 stragem,
728 1826 866 1891 jussit
882 1827 1014 1889 tigna
1035 1843 1305 1892 asseresque
1334 1828 1410 1875 vel
1438 1827 1619 1890 tegulas
1643 1842 1777 1874 amo-

354 1905 454 1952 veri
473 1924 486 1965 ;
524 1904 699 1967 quibus
721 1903 956 1952 submotis
980 1921 1069 1952 nec
1109 1905 1356 1969 adjutoriis
1377 1905 1613 1952 columnis
1631 1921 1779 1970 appo-

354 1982 469 2043 sitis,
491 1991 613 2028 nutu
635 1983 741 2043 Dei,
766 1981 1120 2030 discedentibus
1142 1983 1202 2030 de
1225 1983 1448 2031 machina
1463 1983 1777 2031 structoribus
1832 2028 1837 2047 ‚

353 2068 407 2106 ut
421 2058 586 2106 cibum
612 2068 855 2125 caperent,
879 2059 1305 2124 recedentibusque
1327 2070 1375 2107 et
1396 2060 1588 2125 reliquis
1606 2077 1636 2109 a
1656 2061 1778 2110 basi-

351 2137 460 2199 lica,
509 2137 622 2184 dato
655 2137 892 2185 columnae
927 2138 1163 2185 immenso
1205 2137 1439 2203 pondere,
1467 2155 1579 2186 cum
1599 2155 1775 2204 magno

351 2214 512 2261 sonitu
531 2230 673 2279 super
692 2214 839 2262 altare
862 2223 909 2262 et
924 2215 1050 2262 circa
1071 2215 1216 2262 altare
1239 2214 1503 2279 diruerunt,
1523 2216 1777 2280 completa-

352 2309 446 2356 que
469 2301 540 2339 est
560 2291 683 2340 aedes
705 2291 883 2340 nebula
897 2292 959 2339 de
974 2291 1153 2339 effracti
1168 2292 1310 2339 calcis
1322 2292 1533 2357 pulvere.
1551 2288 1609 2339 At
1625 2308 1775 2346 sacer-

353 2369 442 2417 dos
466 2371 731 2434 exsanguiS,
761 2370 969 2418 duorum
998 2369 1286 2417 damnorum
1323 2369 1609 2418 detrimenta
1629 2370 1775 2436 suspi-

405 2587 460 2632 (1)
477 2584 539 2623 Sic
555 2585 729 2637 plerique
745 2597 862 2633 mss,;
883 2583 946 2622 alii
966 2596 1055 2623 cum
1074 2584 1194 2623 Editis
1205 2615 1217 2633 ‚
1237 2599 1263 2622 a
1280 2587 1473 2624 columnis.
1494 2588 1542 2624 Et
1559 2585 1660 2625 infra
1677 2599 1768 2627 mss,

348 2656 391 2685 ut
409 2647 617 2698 plurimum
635 2650 794 2697 eraclis,
820 2660 888 2685 seu
916 2648 1092 2686 heraclis.
1115 2650 1229 2686 Hunc
1258 2648 1386 2687 locum
1410 2648 1466 2688 sic
1493 2648 1651 2701 exponit
1678 2650 1772 2692 Bel-.-

350 2709 454 2747 land.
476 2709 526 2747 ad
544 2710 645 2748 diem
665 2712 690 2748 6
708 2709 826 2757 febr„
849 2717 894 2747 ut
909 2721 1021 2747 arcus
1041 2710 1295 2750 telamonibus
1307 2740 1318 2759 ,
1339 2725 1407 2750 seu
1427 2710 1647 2760 afflantibus,
1673 2725 1770 2762 quos

349 2771 557 2823 Gregorius
574 2775 773 2819 Heraclas,
789 2765 898 2823 quasi
918 2775 1097 2810 Hercules
1113 2774 1295 2825 appellat,
1310 2774 1431 2812 innixi
1450 2773 1605 2813 fuerint.
1626 2774 1769 2812 Pharos

351 2843 479 2873 censet
497 2847 579 2873 esse
597 2834 701 2886 tigna
717 2848 803 2886 quae
820 2835 860 2873 in
881 2835 1036 2874 modum
1058 2836 1169 2887 phari
1187 2837 1450 2890 assurgebant.
1472 2839 1556 2885 (R.)
