2002 3418
433 342 511 378 156
831 344 897 380 DE
925 343 1113 382 GLORIA
1140 343 1438 382 MARTYRUM.

1004 471 1161 507 CAPUT
1185 471 1281 506 LIV.

925 563 977 598 De
995 571 1116 598 sancto
1131 563 1323 598 Valeriano
1334 563 1362 600 ¹.

497 646 618 693 Huic
663 648 884 711 martyri’
922 647 1194 712 adjungitur
1207 686 1221 710 ,
1257 658 1304 695 et
1340 648 1569 711 sanguine
1612 658 1660 695 et
1694 664 1846 712 agone

431 726 748 790 propinquus,
773 725 940 773 beatus
969 727 1146 774 athleta
1174 727 1474 787 Valerianus3
1501 727 1583 790 qui
1618 727 1746 792 apud
1773 744 1848 775 ca-

431 813 579 850 strum
625 804 952 852 Trinorciense
969 806 1001 866 ³,
1047 804 1408 869 quadragesimo
1452 821 1481 852 a
1532 805 1847 852 Cavillonensi

431 880 551 928 urbe
569 881 826 943 mssliario‘,
846 893 1177 933 consummato
1200 884 1457 930 certamine
1477 883 1735 930 tumulatus
1757 892 1841 929 est.

432 960 576 1023 Igitur
594 960 773 1021 Gallus,
794 960 937 1024 hujus
949 960 1081 1008 urbis
1098 978 1275 1024 comes,
1295 962 1493 1010 coeliaci⁵
1505 961 1663 1009 morbi
1681 961 1849 1009 dolore

433 1048 673 1101 gravatuS,
696 1039 780 1102 qui
801 1048 953 1086 totam
975 1040 1135 1086 alvum
1154 1056 1254 1086 non
1276 1040 1426 1088 modo
1448 1051 1631 1089 tortura
1645 1078 1658 1100 ‚
1682 1057 1848 1088 verum

432 1116 574 1162 etiam
597 1125 784 1162 tumore
806 1116 872 1163 ita
895 1116 1185 1164 conflaverat
1201 1127 1254 1164 ut
1271 1117 1562 1184 hydropicus
1582 1128 1845 1183 putaretur,

433 1192 553 1239 nihil
585 1193 725 1240 edere
760 1193 974 1257 nihilque
1008 1204 1151 1259 potus
1180 1210 1349 1259 capere
1395 1205 1578 1260 posset,
1613 1194 1851 1259 fiebatque

427 1270 561 1334 juxta
589 1270 685 1318 hoc
712 1272 987 1335 contagium
1017 1281 1070 1318 ut
1096 1271 1266 1319 inediae
1289 1271 1464 1319 morbo
1487 1270 1736 1332 deficeret;
1768 1273 1851 1336 qui

431 1364 583 1413 prope
603 1349 849 1410 exanimis,
872 1366 984 1396 cum
1003 1365 1053 1396 se
1072 1359 1286 1397 cerneret
1308 1349 1628 1415 desperatum,
1653 1359 1788 1413 rogat
1803 1366 1852 1396 se

434 1425 674 1491 deportari
703 1426 766 1474 ad
796 1426 925 1473 beati
947 1428 1166 1492 martyris
1196 1428 1451 1475 tumulum.
1480 1426 1574 1474 Ubi
1604 1444 1716 1474 cum
1738 1443 1852 1492 pro-

426 1502 580 1566 jectus
602 1503 786 1565 fuisset,
820 1504 1012 1551 accessit
1043 1504 1105 1551 ad
1127 1521 1239 1552 eum
1265 1505 1567 1571 Epirechius⁶
1587 1504 1849 1569 presbyter,

433 1582 515 1645 qui
537 1591 651 1628 tunc
670 1582 822 1647 ipsam
838 1582 1031 1645 regebat
1043 1583 1306 1645 ecclesiam,
1325 1584 1398 1630 vir
1421 1583 1649 1630 virtutum
1665 1592 1712 1629 et
1723 1599 1853 1647 purae

433 1659 604 1705 mentis
639 1659 814 1720 homo,
850 1661 972 1707 sicut
1011 1660 1102 1724 ipsi
1136 1660 1285 1707 oculis
1317 1661 1495 1707 nostris
1529 1659 1848 1724 inspeximus,

435 1731 647 1797 dixitque
669 1735 711 1780 ei
735 1752 746 1781 ε
774 1755 798 1778 α
823 1735 871 1781 Si
883 1735 954 1782 vis
973 1751 1115 1782 sanus
1133 1734 1251 1797 fieri,
1269 1734 1459 1782 confide
1476 1735 1526 1781 in
1541 1734 1713 1781 virtute
1726 1750 1850 1782 mar-

434 1813 547 1877 tyris
571 1814 786 1876 gloriosi,
813 1824 860 1860 et
885 1831 1007 1861 vove
1031 1824 1084 1861 ut
1108 1830 1256 1861 uuam
1284 1813 1470 1861 trabem
1503 1830 1614 1861 cum
1642 1813 1854 1877 ligaturis

435 1891 530 1937 suis
559 1891 622 1939 ad
652 1891 795 1956 hujus
828 1892 993 1956 templi
1027 1901 1151 1939 tecta
1184 1891 1512 1957 recuperanda
1543 1885 1846 1938 transmittas,

436 1968 536 2015 Erit
557 1970 687 2016 enim
707 1968 797 2016 tibi
817 1969 1104 2034 praesidium,
1133 1970 1171 2016 si
1193 1985 1250 2017 ea
1269 1969 1442 2017 devote
1459 1969 1728 2034 impleveris
1748 1985 1853 2033 quae

435 2045 688 2110 promittis.
709 2066 732 2092 »
759 2047 820 2095 At
837 2047 915 2095 ille
933 2048 1153 2095 attentius
1172 2064 1314 2095 orans
1332 2047 1464 2095 vovit
1488 2063 1593 2111 quae
1606 2045 1853 2112 presbyter

436 2123 683 2183 indicavit3
710 2125 960 2189 statimque
982 2141 1124 2173 sanus
1147 2123 1313 2185 factus,
1335 2124 1537 2186 trabem,
1550 2124 1691 2171 nullo
1713 2139 1852 2170 com-

436 2212 681 2264 monente,
703 2202 765 2250 ad
785 2202 1030 2250 basilicam
1051 2202 1202 2250 sancti
1226 2202 1438 2249 exhiberi
1463 2201 1702 2267 praecepit.
1732 2203 1852 2247 Ecce

437 2279 553 2342 quid
581 2291 769 2346 praestat
791 2281 1016 2329 dominus
1043 2283 1174 2328 Jesus
1198 2279 1409 2327 Christus
1433 2280 1483 2326 in
1513 2279 1648 2326 terris
1679 2288 1853 2342 marty-

493 2462 546 2508 (1)
565 2462 665 2501 2791
676 2492 687 2511 ,
709 2463 768 2499 De
783 2470 910 2499 sancto
931 2463 1133 2498 Valeriano
1151 2468 1316 2508 martyre
1335 2463 1416 2507 ejus
1433 2460 1480 2495 de
1498 2459 1661 2495 civitatis
1671 2458 1849 2509 episcopi.

437 2525 546 2573 —(2)
559 2526 633 2564 An.
649 2526 742 2571 179,
759 2526 916 2575 15sept.
932 2525 1122 2573 (lm-(3)
1139 2523 1439 2568 Trinorciensim‚
1450 2522 1556 2559 2204
1574 2528 1613 2558 et
1630 2533 1743 2572 supp.
1757 2522 1849 2558 478.

491 2587 546 2634 (4)
563 2587 737 2625 Castrum
762 2585 1037 2624 Trenorchium
1049 2614 1061 2633 ‚
1082 2598 1150 2623 seu
1175 2586 1383 2622 Tinurtium
1403 2591 1470 2622 aut
1495 2584 1728 2630 Tomasium,
1750 2595 1850 2620 non—

438 2648 511 2687 nisi
540 2650 591 2686 20
616 2649 766 2687 circiter
795 2648 1037 2694 milliaribus,
1067 2648 1107 2686 id
1131 2657 1188 2686 est
1208 2647 1325 2685 leucis
1355 2659 1443 2694 sex,
1464 2645 1513 2685 ab
1530 2645 1628 2685 urbe
1655 2644 1852 2684 Cabillono

440 2711 611 2750 dissitum
630 2720 701 2752 est.
725 2715 785 2750 De
807 2725 884 2763 quo
905 2711 994 2750 vide
1010 2711 1149 2750 Valesii
1166 2710 1353 2749 notitiam.
1374 2713 1455 2759 (R.)

491 2779 548 2824 (5)
565 2775 674 2814 colb.
696 2789 734 2823 a,
755 2778 905 2827 coelaci,
922 2775 1036 2823 Bell„
1057 2770 1107 2814 al.
1130 2787 1261 2821 manu,
1283 2775 1424 2822 ciliae-i,
1444 2774 1484 2812 id
1504 2782 1561 2812 est
1582 2772 1706 2811 colici.
1730 2773 1816 2820 (R.)

494 2842 551 2887 (6)
568 2837 676 2876 Colb.
700 2847 788 2887 tut„
807 2839 1013 2888 Epiricius.
1035 2840 1118 2885 (R.)
