2002 3418
449 350 497 376 χι
560 338 687 376 ΝΟΤΕ
715 339 809 376 sun
835 339 924 376 Les
956 337 1174 375 OEUVRES
1204 338 1269 373 DE
1296 328 1447 375 GREG.
1478 336 1544 372 DE
1569 336 1741 376 TOURS.

447 423 708 463 ecclesiasticae
734 423 941 477 disciplinae
966 423 1259 462 studiosissimus
1277 421 1502 460 observator
1513 429 1555 459 et
1573 433 1768 461 sacrormn
1783 434 1848 462 ca—

445 506 591 534 nonum
609 503 742 533 contra
759 494 948 547 quoslibet
961 495 1168 534 acm-imus
1190 494 1349 543 vindex,
1375 493 1442 546 qui
1466 502 1669 545 postquam
1690 495 1851 535 Gallica-

445 579 535 606 nam
553 567 749 606 ecclesiam
766 567 893 606 verbis
912 567 1023 606 simul
1036 576 1073 606 et
1083 567 1267 619 exemplis
1281 566 1535 614 informasset,
1550 567 1712 605 Romam
1723 562 1853 605 invisit

445 639 704 690 apostolorum
723 639 962 691 aliorumque
987 638 1123 678 urbem
1147 647 1365 678 sanctorum
1390 651 1555 689 quorum
1571 636 1759 677 mirabilia
1775 636 1852 676 suis

445 710 594 762 scriptis
618 709 851 759 celebrarat,
880 710 1013 750 limina
1031 720 1070 749 et
1087 723 1212 750 sacras
1230 709 1409 762 reliquias
1426 723 1556 749 coram
1576 717 1826 749 veneraturus
1838 737 1851 757 ‚

444 781 512 819 ubi
528 795 551 820 a
570 782 754 836 Gregorio
777 796 916 836 magno
940 783 1006 836 qui
1024 792 1115 823 tunc
1134 782 1315 836 temporis
1335 782 1511 836 pontifex
1528 782 1726 825 ecclesiam
1746 793 1852 834 rege-

443 850 510 891 bat
522 882 534 902 ,
552 866 632 893 non
651 855 774 893 solum
792 854 1002 894 honorifice
1021 863 1216 907 susceptus
1235 854 1303 894 sed
1319 854 1433 893 etiam
1451 853 1672 894 muneribus
1690 852 1852 891 donatus

443 933 515 973 est,
537 939 622 977 quae
641 925 802 978 posteris
822 925 904 975 ejus
920 926 961 965 in
978 926 1207 979 Gregorium
1229 935 1403 966 nostrum
1416 924 1723 965 benevolentiam
1741 931 1853 964 testa-

443 1006 590 1036 rentur.

496 1068 608 1117 Quod
630 1068 682 1116 si,
707 1068 926 1107 Beatissime
948 1072 1075 1118 Pater,
1096 1069 1191 1108 tanti
1210 1068 1398 1121 pontificis
1415 1068 1593 1122 exemplo
1609 1068 1717 1118 cujus
1735 1065 1852 1106 vesti-

441 1140 510 1192 giis
523 1140 709 1179 inhaerere
720 1153 766 1179 ac
778 1141 961 1193 praeclara
973 1141 1073 1180 facta
1082 1140 1268 1181 Sanctitas
1277 1143 1412 1180 Vestra
1425 1140 1563 1180 imitari
1573 1140 1727 1193 gaudet,
1741 1151 1852 1178 suum

441 1226 596 1264 quoque
621 1213 807 1265 Gregorio
837 1220 970 1252 nostro
988 1226 1068 1252 non
1087 1212 1249 1266 deneget
1264 1213 1540 1265 patrocinium,
1558 1225 1632 1252 nec
1653 1209 1852 1251 admittere

441 1292 621 1335 gravetur
637 1285 738 1324 hanc
756 1284 838 1333 ejus
856 1297 1017 1337 operum
1035 1297 1177 1324 novam
1197 1284 1421 1333 editionem,
1441 1296 1557 1336 quam
1573 1283 1761 1323 adornare
1780 1294 1852 1335 pro

440 1355 540 1394 virili
554 1369 640 1395 mea
652 1365 762 1408 parte
775 1365 813 1395 et
824 1357 925 1395 notis
936 1357 1127 1396 illustrare
1138 1365 1297 1396 conatus
1313 1370 1414 1405 sum,
1427 1369 1512 1396 eam
1524 1355 1627 1409 apud
1640 1367 1773 1394 omnes
1785 1366 1851 1393 ac-

441 1440 589 1483 ceptam
607 1440 645 1469 et
661 1439 807 1483 gratam
817 1432 899 1470 fore
914 1431 1025 1470 facile
1038 1431 1131 1470 mihi
1146 1432 1350 1484 polliceor3
1363 1431 1553 1483 nobisque
1560 1430 1771 1469 maximum
1782 1428 1854 1467 erit

441 1502 490 1540 ad
509 1511 727 1541 sanctorum
744 1505 899 1541 Patr-um
916 1502 1102 1542 editiones
1118 1503 1395 1542 continuandas
1414 1511 1452 1541 et
1469 1502 1519 1541 ad
1540 1500 1766 1541 illustranda
1777 1511 1852 1539 -eo-

440 1586 527 1612 rum
544 1586 662 1626 opera
676 1574 921 1613 intentivum.
951 1573 1014 1612 Ad
1029 1574 1135 1613 hunc
1152 1587 1246 1614 vero
1263 1573 1435 1613 laborem
1452 1572 1570 1613 alacri
1585 1571 1716 1612 animo
1733 1569 1851 1611 susci·

440 1645 623 1697 piendum
640 1645 778 1685 invitat
795 1659 881 1695 nos,
907 1649 1019 1685 Pater
1045 1645 1288 1695 Beatissime,
1301 1647 1459 1686 felicitas
1476 1647 1616 1686 borum
1634 1654 1851 1697 temporum

441 1716 579 1769 quibus
598 1718 653 1756 uti
672 1717 761 1756 licet
777 1731 872 1770 pace
889 1718 955 1756 illa
972 1719 1140 1770 generali
1158 1732 1274 1770 quam
1294 1719 1479 1759 Sanctitas
1499 1716 1635 1758 Vestra
1652 1717 1729 1757 suis
1751 1715 1853 1756 curis

442 1802 586 1841 suaque
609 1799 769 1842 paterna
787 1790 1039 1829 sollicitudine
1057 1790 1142 1829 orbi
1159 1790 1365 1829 christiano
1390 1791 1631 1843 procuravit;
1650 1789 1769 1829 immo
1782 1817 1793 1836 ‚
1820 1786 1851 1827 si

441 1860 596 1911 quidem
617 1873 702 1900 eam
720 1861 886 1900 mundus
905 1861 996 1900 dare
1015 1875 1095 1900 non
1112 1870 1238 1914 potest
1255 1875 1371 1914 quam
1397 1862 1475 1900 suis
1499 1860 1599 1900 votis
1618 1869 1656 1899 et
1675 1859 1851 1899 obsecra-

440 1931 607 1976 tionibus
628 1945 652 1970 a
678 1935 759 1971 Deo
785 1932 941 1985 Optimo
967 1933 1135 1972 Maximo
1166 1936 1300 1972 Vestra
1329 1933 1514 1973 Sanctitas
1541 1931 1720 1971 obtinuit.
1742 1930 1852 1970 Faxit

440 2007 544 2043 Deus
569 2012 613 2043 ut
635 1995 741 2043 tanto
761 2004 900 2043 divinae
916 2004 1067 2057 pietatis
1084 2018 1245 2045 munere
1262 2005 1472 2045 diutissime
1489 2004 1565 2044 frui
1580 2003 1694 2043 nobis
1720 2002 1848 2051 liceat,

441 2088 486 2115 ac
506 2085 551 2115 ut
565 2079 699 2116 Vestra
716 2076 902 2116 Sanctitas
921 2077 963 2115 in
985 2077 1126 2116 multos
1142 2090 1188 2116 ac
1206 2077 1350 2116 faustos
1373 2089 1496 2116 annos
1521 2075 1690 2116 ecclesiae
1708 2082 1851 2114 sanctae

441 2147 636 2186 catholicae
651 2147 852 2187 incolumis
870 2160 916 2187 ac
933 2148 1026 2187 felix
1042 2157 1275 2201 perseveret.
1297 2151 1383 2188 Hoc
1400 2157 1471 2197 est,
1492 2147 1709 2187 beatissime
1724 2154 1848 2199 pater,

442 2218 546 2270 quod
562 2219 752 2258 continuis
768 2232 814 2258 ac
830 2220 1110 2260 instantissimis
1127 2220 1227 2260 votis
1242 2221 1318 2259 huc
1329 2233 1452 2272 usque
1469 2218 1758 2272 efflagitavimus
1771 2246 1783 2266 ,
1804 2230 1851 2257 ac

442 2290 491 2327 ad
504 2299 717 2330 extremum
728 2305 850 2344 usque
863 2291 1025 2331 halitum
1039 2292 1244 2344 efflagitare
1254 2305 1470 2345 pergemuS‚
1485 2290 1666 2344 quodque
1678 2289 1850 2329 omnium

442 2369 615 2400 nostrum
633 2375 655 2400 e
673 2362 917 2401 Benedictina
933 2363 1054 2402 sancti
1071 2362 1194 2401 Mauri
1209 2362 1503 2416 congregatione
1514 2361 1672 2401 nomine
1687 2373 1760 2414 ego
1773 2359 1848 2399 ob-

442 2440 559 2471 testor
577 2446 622 2472 ac
638 2447 764 2473 voveo
781 2434 1029 2487 apostolicam
1046 2433 1352 2474 benedictionem
1369 2434 1492 2474 enixis
1507 2432 1685 2487 precibus
1711 2443 1850 2485 expos-

442 2516 548 2553 cens,
569 2506 783 2546 sanctitatis
801 2509 943 2546 Vestrae

496 2577 770 2618 Devotissimus
780 2607 791 2626 ‚
824 2577 1060 2617 humillimus
1096 2587 1212 2631 atque
1247 2578 1608 2631 obsequentissimus
1643 2590 1775 2617 servus
1811 2584 1849 2615 et

444 2637 576 2686 cliens,

769 2724 832 2762 Fr.
853 2722 933 2762 ind.
953 2725 1216 2761 Tnnonnucus
1235 2725 1425 2769 Ruunt-r,
1445 2735 1550 2761 mon.
1570 2720 1714 2760 Bened.

687 2794 730 2822 Ex
745 2799 841 2823 vestra
858 2793 980 2824 abbatia
1000 2793 1097 2824 sancti
1111 2793 1257 2824 Germani
1271 2804 1288 2823 a
1302 2793 1397 2834 pratis
1409 2792 1441 2822 in
1453 2791 1600 2822 subm-bio
1613 2787 1782 2828 Pal-isiemi,

1123 2846 1172 2877 die
1181 2855 1218 2880 m
1230 2846 1294 2878 kat.
1305 2846 1387 2887 julii,
1401 2856 1451 2876 an.
1468 2850 1559 2877 ⁴⁸⁹⁹.
