2002 3418
358 309 433 345 190
661 309 667 315 “
753 309 820 345 ΒΕ
848 308 1034 346 GLORIA
1067 307 1363 345 MARTYRUM.

353 395 531 443 scilicet
550 395 738 457 urbem,
770 397 980 461 pollente
1010 395 1194 444 fervore
1217 394 1346 457 fidei,
1373 396 1763 444 consummavit¹.

351 476 432 522 Est
474 484 633 522 autem
667 474 735 521 ibi
773 474 935 537 arbor,
975 474 1061 522 ubi
1091 474 1265 522 dicitur
1297 473 1558 520 decollatus
1600 473 1765 535 fuisse,

350 568 521 615 genere
542 568 721 614 morus,
742 569 798 599 ex
821 569 917 617 qua
931 552 1131 600 infirmis
1152 552 1302 599 multa
1322 551 1603 616 plerumque
1625 550 1769 598 bene-

350 627 474 690 ficia,
499 630 798 694 impertiente
818 640 1051 694 martyre,
1076 639 1186 677 sunt
1204 644 1446 676 concessa.
1470 628 1565 675 Sed
1588 627 1768 675 decur-

349 705 411 752 sis
432 705 745 771 temporibus,
762 722 875 752 cum
887 707 1008 753 rami
1018 716 1274 770 cortexque
1293 705 1393 768 ejus
1407 721 1497 769 pro
1508 705 1767 752 salvatione

348 796 378 828 a
398 781 557 827 multis
579 780 957 841 detraherentur,
984 780 1190 828 arefacta
1211 790 1296 827 est.
1324 782 1663 827 Verumtamen
1686 777 1769 825 ad-

347 858 444 905 huc
461 858 661 905 fideliter
683 858 955 923 petentibus
979 860 1112 920 vivit,
1132 859 1302 906 similia
1323 857 1541 922 praebens
1560 855 1768 904 medica·

348 936 479 991 mina
497 936 631 1000 quod
654 946 866 1001 superest
882 936 942 983 de
963 935 1206 983 columna.

913 1074 1071 1109 CAPUT
1095 1073 1228 1108 LXIX.

624 1167 677 1200 De
696 1166 874 1201 miraculis
891 1178 957 1213 per
972 1167 1116 1201 beatum
1138 1165 1329 1200 Genesium
1347 1167 1447 1202 factis
1459 1168 1486 1203 ⁸.

410 1259 504 1307 Sed
534 1269 581 1306 et
620 1276 744 1325 pons
765 1260 1013 1324 quondam
1043 1276 1185 1325 super
1209 1259 1499 1307 Rhodanum
1532 1259 1733 1308 fluvium
1749 1299 1763 1323 ,

346 1337 430 1384 ubi
464 1337 632 1385 beatus
657 1348 836 1403 martyr
859 1347 1042 1386 natasse
1074 1337 1246 1399 fertur,
1281 1338 1331 1383 in
1355 1337 1433 1384 die
1460 1337 1768 1385 solemnitatis

345 1421 463 1480 ejus,
489 1416 711 1482 disruptis
732 1417 910 1464 catenis
927 1453 940 1478 ,
977 1416 1090 1479 quia
1113 1432 1255 1481 super
1279 1432 1423 1464 naves
1441 1416 1625 1463 locatus
1645 1425 1763 1478 erat,

345 1503 512 1541 nutare
535 1495 695 1559 coepit,
721 1510 776 1541 ac
797 1510 894 1558 prae
917 1493 1067 1540 nimio
1089 1492 1304 1558 pondere
1333 1493 1627 1558 populorum
1656 1493 1767 1558 ipsae

345 1586 489 1618 naves
506 1571 803 1619 dehiscentes
822 1572 873 1618 in
899 1571 1035 1618 alveo
1060 1571 1269 1618 fluminis
1293 1571 1528 1636 populum
1551 1570 1765 1619 submer-

345 1648 535 1711 gebant.
570 1653 701 1696 Tunc
724 1665 893 1696 omnes
928 1648 1070 1695 simul
1100 1648 1151 1694 in
1182 1647 1455 1695 discrimine
1491 1649 1634 1713 positi
1668 1665 1765 1697 una

344 1743 463 1774 voce
481 1728 823 1788 clamaverunt,
839 1726 1075 1773 dicentes:
1102 1747 1123 1769 ιι
1141 1726 1316 1773 Genesi
1331 1724 1620 1784 beatissime,
1635 1727 1764 1791 eripe

343 1821 433 1852 nos
461 1806 664 1870 propriae
694 1804 952 1852 sanctitatis
983 1805 1158 1851 virtute
1172 1841 1185 1866 ,
1222 1819 1283 1849 ne
1309 1811 1472 1868 pereat
1499 1802 1635 1867 plebs
1659 1819 1764 1867 quae

344 1881 545 1929 fideliter
565 1882 757 1930 advenit
779 1892 861 1928 tua
880 1881 1051 1928 devote
1075 1881 1308 1928 solemnia
1329 1879 1588 1927 celebrare.
1604 1899 1630 1924 »
1653 1882 1764 1927 Mox

344 1959 487 2007 flante
521 1970 667 2007 vento
685 1996 697 2018 ‚
740 1959 908 2022 vulgus
949 1975 1093 2006 omne
1124 1958 1187 2006 ad
1228 1958 1356 2005 littus
1387 1957 1639 2004 reductum
1675 1958 1763 2005 mi-

343 2047 472 2084 ratur
527 2054 575 2085 se
627 2038 799 2084 virtute
842 2036 1061 2100 martyris
1099 2051 1203 2082 esse
1247 2035 1516 2083 salvatum⁸.
1554 2037 1676 2082 Nam
1717 2045 1763 2082 et

342 2114 539 2161 cancelli
571 2113 700 2162 beati
731 2113 934 2179 sepulcri
969 2113 1139 2178 saepius
1172 2128 1201 2159 a
1230 2110 1557 2175 Langobardis
1588 2111 1664 2158 vel
1687 2128 1761 2159 re-

341 2191 481 2254 liquis
517 2190 736 2239 hostibus
774 2190 1002 2238 confracti
1029 2199 1162 2249 sunt;
1186 2189 1270 2237 sed
1292 2189 1468 2255 arrepti
1490 2205 1520 2236 a
1543 2189 1761 2237 daemone

341 2268 579 2331 homines,
603 2278 686 2316 aut
706 2268 1041 2334 comprehensi
1074 2268 1230 2328 rabie,
1268 2267 1641 2329 debacchantes,
1677 2277 1761 2315 aut

341 2347 547 2411 propriis
569 2363 617 2394 se
639 2345 864 2393 dentibus
882 2346 1160 2406 lacerantes,
1179 2343 1299 2391 nihil
1315 2344 1376 2391 de
1392 2345 1448 2391 iis
1456 2360 1561 2407 quae
1579 2340 1759 2392 violen-

343 2434 413 2470 ter
435 2434 661 2489 ceperant
679 2423 991 2472 abstulerunt.
1035 2426 1212 2469 Ferunt
1248 2422 1391 2469 etiam
1429 2422 1480 2468 in
1514 2421 1606 2470 hac
1639 2421 1759 2469 urbe

394 2611 447 2664 (1)
468 2615 529 2650 An
534 2641 614 2652 .....
637 2615 688 2651 25
707 2626 795 2664 aug.
815 2613 896 2660 (R.)

392 2678 446 2724 (2)
464 2678 522 2713 De
539 2677 643 2726 fonte
660 2677 825 2723 Rodani,
844 2675 963 2713 2205.
987 2677 1046 2711 De
1060 2676 1240 2735 miraculo
1257 2678 1338 2722 ejus
1355 2688 1467 2725 super
1482 2687 1618 2725 aquas,
1633 2676 1751 2713 2791.

390 2741 446 2787 (3)
463 2741 521 2777 De
544 2738 619 2777 hoc
648 2738 833 2777 miraculo
859 2737 947 2775 vide
984 2737 1178 2776 homiliam
1211 2737 1331 2775 sancti
1358 2737 1491 2776 Hilarii
1524 2737 1754 2776 Arelatensis

339 2801 509 2855 episcopi
526 2801 629 2853 apud
646 2800 812 2840 Sun‘um.
834 2802 915 2851 (R.)
