2002 3418
379 345 428 380 58
782 346 849 382 DE
875 344 1062 383 GLORIA
1092 346 1386 384 MARTYRUM.

376 431 515 492 lutae,
562 433 837 497 palmasque
870 431 1142 498 suppliciter
1178 431 1443 494 tendentis,
1481 434 1638 497 imago
1671 450 1789 482 aerea

376 510 562 558 videtur
579 527 814 576 expressa.
842 513 966 558 Astat
982 527 1097 558 vero
1117 511 1207 558 alia
1226 526 1344 558 aerea
1363 511 1671 560 nihilominus
1689 513 1790 561 fusa

378 597 530 636 statua
546 626 558 649 ,
583 588 749 636 habitu
781 588 866 635 viri
901 588 1022 636 stola
1054 598 1244 653 compte
1268 588 1547 636 circumdati
1563 626 1576 650 ,
1609 599 1656 636 et
1677 589 1790 636 dex-

377 675 499 713 tram
531 666 717 713 mulieri
753 666 1053 731 porrigentis.
1080 666 1229 730 Hujus
1259 666 1321 713 ad
1355 666 1527 731 pedem
1553 676 1714 715 statuae
1741 668 1791 714 in

376 742 480 790 basi
511 742 662 791 herba
696 743 914 808 quaedam
946 759 1073 790 nova
1102 744 1256 809 specie
1284 744 1507 791 nascitur.
1538 747 1654 802 Quae
1682 762 1793 792 cum

377 831 541 869 exorta
567 821 706 869 fuerit
721 859 734 883 ,
768 838 1033 869 excrescere
1067 837 1217 885 usque
1251 821 1313 868 ad
1346 822 1475 869 stolae
1510 822 1634 869 illius
1666 839 1795 870 aereae

377 898 646 946 indumenti
666 899 905 947 fimbriam
927 899 1061 947 solet.
1090 902 1248 956 Quam
1271 916 1383 946 cum
1407 916 1596 946 summo
1620 900 1794 948 vertice

378 993 592 1024 crescens
616 976 768 1025 herba
802 977 1077 1040 contigerit,
1108 977 1231 1024 vires
1259 977 1371 1023 inde
1399 976 1461 1024 ad
1488 976 1796 1043 depellendos

379 1071 546 1102 omnes
575 1055 773 1102 morbos
801 1056 1147 1118 languoresque
1183 1054 1451 1119 conquirit,
1489 1055 1555 1102 ita
1586 1065 1640 1102 ut
1670 1071 1796 1119 quae-

379 1148 585 1196 cumque
606 1131 745 1179 fuerit
765 1132 846 1178 illa
873 1130 1122 1178 infirmitas
1152 1132 1366 1196 corporis
1382 1167 1396 1192 ,
1419 1131 1595 1180 haustu
1625 1133 1796 1195 exiguo

380 1208 632 1256 madefacti
657 1208 870 1256 salutaris
895 1208 1120 1271 graminis
1139 1206 1402 1272 depellatur
1417 1245 1431 1269 ,
1457 1209 1576 1256 nihil
1597 1210 1798 1257 omnino

381 1286 552 1333 virium
571 1303 765 1350 gerens,
784 1287 824 1332 si
842 1295 1099 1349 antequam
1120 1301 1249 1332 aereae
1268 1284 1466 1332 fimbriae
1481 1286 1798 1333 summitatem

381 1365 640 1412 crescendo
672 1364 923 1427 contigerit
952 1363 1248 1428 decerpatur.
1272 1366 1408 1411 Hanc
1424 1372 1626 1410 statuam
1653 1363 1715 1411 ad
1738 1364 1798 1410 si-

382 1442 699 1489 militudinem
737 1442 893 1488 vultus
930 1444 1040 1488 Jesu
1082 1440 1334 1487 formatam
1378 1439 1631 1488 tradebant
1659 1457 1671 1487 τ
1696 1456 1802 1505 quae

381 1520 640 1583 permansit
667 1519 810 1566 etiam
837 1518 898 1565 ad
926 1527 1088 1564 nostra
1118 1534 1269 1582 usque
1291 1527 1508 1582 tempora
1524 1554 1538 1579 ,
1563 1517 1684 1564 sicut
1714 1517 1801 1582 ipsi

384 1596 534 1642 oculis
557 1597 728 1643 nostris
751 1597 1056 1661 inspeximus,
1082 1599 1140 1642 Et
1160 1596 1278 1642 nihil
1297 1596 1472 1642 mirum
1489 1630 1503 1656 ,
1527 1595 1566 1642 si
1589 1596 1621 1642 ii
1639 1595 1721 1659 qui
1745 1611 1803 1641 ex

384 1673 601 1736 gentibus
634 1673 963 1735 crediderunt,
988 1690 1077 1738 pro
1098 1672 1342 1721 beneficiis
1368 1689 1473 1736 quae
1503 1688 1532 1719 a
1563 1672 1802 1719 Salvatore

384 1751 570 1797 fuerant
590 1752 852 1812 consecuti,
873 1750 1150 1815 hujusmodi
1173 1751 1300 1797 velut
1320 1766 1496 1796 munus
1515 1748 1804 1796 videbantur

385 1828 553 1875 offerre
569 1865 582 1889 ,
604 1845 715 1875 cum
735 1828 982 1876 videamus
997 1829 1140 1876 etiam
1159 1845 1290 1875 nunc
1312 1838 1358 1874 et
1373 1827 1700 1892 apostolorum
1723 1829 1805 1873 Pe-

385 1907 444 1952 tri
473 1906 548 1953 vel
573 1907 733 1968 Pauli,
760 1915 807 1953 et
831 1907 976 1971 ipsius
1010 1907 1265 1954 Salvatoris
1295 1906 1524 1968 imagines
1549 1903 1800 1968 designari,

385 1982 652 2048 tabulisque
675 1984 883 2050 depingi.
913 2003 936 2028 »
968 1985 1076 2030 Haec
1104 1983 1332 2030 Eusebius
1346 1985 1357 2007 ¹
1380 1982 1553 2029 retulit.

943 2125 1100 2160 CAPUT
1124 2124 1247 2159 XXII.

554 2213 607 2248 De
625 2215 647 2248 J
650 2213 752 2249 udaeo
771 2213 832 2260 qui
851 2213 1051 2248 iconicam¹
1068 2213 1198 2249 Christi
1219 2212 1362 2255 furavit,
1379 2220 1414 2247 et
1431 2211 1635 2248 transfodit.

455 2295 575 2342 Nam
607 2304 656 2342 et
682 2295 773 2342 isto
802 2310 932 2343 nunc
960 2303 1197 2359 tempore,
1223 2309 1309 2358 per
1333 2293 1657 2341 credulitatem
1690 2292 1807 2338 inte·

390 2387 523 2434 gram
554 2382 688 2421 tanto
719 2373 931 2420 Christus
958 2388 1121 2421 amore
1149 2372 1382 2435 diligitur,
1416 2381 1471 2418 ut
1494 2370 1628 2434 cujus
1654 2370 1808 2436 legem

445 2544 498 2590 (1)
516 2544 574 2579 Ex
601 2542 778 2581 versione
806 2541 950 2581 scilicet
972 2541 1122 2588 Rufini,
1149 2540 1214 2591 qui
1238 2540 1278 2578 id
1301 2539 1418 2578 habet
1442 2538 1542 2577 libro
1572 2551 1632 2575 v11
1661 2536 1805 2574 Histor.

390 2619 476 2658 cap.
502 2609 567 2654 14,
582 2620 670 2646 cum
683 2606 868 2647 Eusebius
879 2607 981 2646 hanc
996 2606 1193 2644 historiam
1209 2606 1348 2644 referat
1361 2604 1496 2644 eodem
1507 2602 1621 2650 libro,
1635 2614 1721 2654 cap.
1739 2600 1804 2638 18.

391 2672 451 2717 (R.
459 2672 582 2715 )—De
592 2670 810 2708 auctoribus
823 2670 937 2709 medii
950 2670 1021 2708 aevi
1033 2669 1099 2721 qui
1111 2669 1284 2707 eamdem
1298 2667 1465 2707 fabulam
1478 2667 1688 2706 retulerunt
1697 2661 1803 2701 vide:

392 2734 469 2770 Des
503 2733 709 2771 Gervasius
748 2745 827 2772 von
866 2731 1023 2782 Tilbury
1066 2731 1151 2769 otia
1192 2731 1425 2783 imperialia3
1464 2730 1689 2780 herausgeg.
1729 2737 1807 2764 von

393 2797 437 2833 F.
460 2794 678 2843 Liebrecht,
706 2798 927 2842 Hannowr,
952 2797 1073 2841 1856,
1096 2809 1136 2846 p.
1160 2797 1211 2832 25
1232 2803 1270 2832 et
1289 2796 1381 2832 123.

450 2859 503 2905 (2)
521 2861 686 2904 leonum,
710 2859 829 2895 2205.
