2002 3418
347 319 389 344 vr
749 308 877 345 NOTE
903 308 999 345 SUR
1025 306 1115 344 LES
1141 306 1360 344 OEUVRES

351 410 427 438 ner
447 411 558 455 pour
579 395 758 439 certains
779 394 853 438 des
883 395 979 437 faits
998 394 1293 437 tres-douteux
1309 425 1322 448 ,
1344 392 1375 434 il
1395 392 1534 452 prend
1555 395 1664 440 aussi
1684 394 1761 439 des

348 487 512 515 erreurs
531 488 641 532 pour
662 473 737 516 des
758 473 909 515 verites
925 483 967 515 et
983 488 1026 515 se
1047 472 1146 514 noie
1176 470 1440 530 quelquefois
1461 470 1570 516 dans
1581 471 1622 519 le
1638 473 1756 528 faux3

349 548 463 593 enfin
484 550 515 592 il
527 550 629 592 etait
644 549 773 593 d'une
795 549 1034 609 simplicite,
1047 548 1174 591 d'une
1189 548 1394 591 credulite
1411 549 1444 590 si
1461 549 1656 608 grandes,
1676 566 1760 610 que

350 628 456 671 dans
470 628 531 672 les
546 629 640 671 faits
660 628 720 671 les
737 629 831 688 plus
852 627 1060 688 vulgaires
1084 627 1115 668 il
1136 627 1279 685 voyait
1300 626 1374 670 des
1386 627 1594 672 miracles.
1617 629 1763 684 Quant

350 722 405 750 au
423 706 545 766 style,
559 707 602 749 la
618 706 807 749 rusticite
817 706 872 749 de
886 706 1089 764 Gregoire
1104 716 1167 747 est
1191 705 1426 764 imputable
1439 708 1464 748 a
1481 721 1560 749 son
1582 705 1706 750 siecle
1718 716 1763 749 et

349 798 438 826 non
458 799 534 843 pas
556 786 581 825 a
595 783 678 838 lui3
702 783 788 826 lors
806 782 946 826 meme
968 782 1071 841 qu'il
1095 783 1167 824 eut
1193 797 1251 841 pu
1273 797 1317 825 se
1347 794 1539 826 montrer
1557 783 1653 843 plus
1682 783 1765 827 e'le-

349 872 452 921 gant
473 861 679 916 dothain,
701 861 732 903 il
759 860 861 903 etait
882 860 1024 920 oblige
1046 860 1100 903 de
1120 876 1164 903 se
1184 871 1337 904 mettre
1358 864 1382 904 a
1402 861 1444 904 la
1464 861 1611 921 portee
1627 862 1683 906 de
1700 879 1764 907 ses

350 938 544 982 lecteurs.
555 939 678 982 Plein
695 938 749 981 de
766 937 976 981 modestie
994 937 1207 981 d⁷ailleurs
1228 948 1272 982 et
1293 937 1547 994 d'humilioe',
1559 939 1764 1000 Gregoiro

350 1101 558 1136 Sanctorum
578 1099 718 1136 tumuli.
747 1119 797 1128 —
819 1099 939 1147 Asyla.
963 1119 1010 1127 —
1032 1100 1264 1136 ornamenta.
1286 1119 1335 1135 -,-
1357 1101 1501 1135 Veteres
1521 1101 1673 1137 ecclesie
1691 1101 1767 1150 gal-

348 1157 470 1192 licanae
488 1156 769 1202 consuetudines,
784 1175 832 1183 —
847 1156 932 1191 festa
947 1183 958 1200 ‚
968 1176 1018 1200 ,—
1036 1157 1319 1204 supplicationes,
1342 1177 1389 1184 —
1404 1157 1587 1205 exsequiae,
1598 1178 1645 1186 —
1659 1159 1767 1194 bene-

351 1212 543 1256 dictiones,
561 1233 609 1240 —
625 1222 922 1248 sacramentorum
955 1213 1056 1248 ritus.
1075 1234 1123 1240 —
1143 1214 1307 1249 Censurae
1330 1214 1580 1251 ecclesiastica,
1596 1234 1644 1242 —
1668 1214 1768 1250 Fidei

351 1268 529 1316 dogmata.
541 1289 589 1299 -
605 1270 796 1317 Gregorius
813 1270 858 1305 de
873 1271 999 1306 exteris
1014 1270 1217 1306 nationibus
1228 1271 1370 1319 agit.—
1383 1273 1437 1306 De
1453 1270 1579 1319 priscis
1592 1269 1768 1318 gentibus.

351 1347 398 1352 —
411 1327 464 1360 De
501 1326 709 1374 primordiis
743 1326 829 1361 fidei
859 1327 898 1361 in
925 1327 1060 1363 Galliis.
1081 1346 1129 1354 —
1148 1328 1167 1345 *
1181 1328 1345 1375 Gregorii
1374 1327 1552 1376 apologia.
1573 1347 1622 1355 —
1647 1327 1768 1363 Excu-

352 1390 461 1417 satur.
478 1402 526 1410 —
548 1384 605 1416 An
622 1382 730 1416 nimis
755 1382 946 1418 credulus?
972 1403 1021 1411 —
1042 1383 1233 1427 Miracula,
1250 1396 1342 1418 verae
1367 1384 1519 1419 ecclesiae
1539 1392 1667 1419 tessera
1680 1410 1692 1427 ,
1719 1403 1769 1412 —

351 1438 549 1484 frequentia
570 1439 698 1473 saeculo
713 1451 751 1473 vr
759 1453 769 1483 ;
782 1457 829 1466 —
838 1447 924 1474 tunc
943 1440 1138 1475 necessaria
1149 1461 1190 1467 -
1201 1448 1235 1474 et
1254 1439 1453 1474 indubitata
1464 1453 1475 1482 ;
1486 1439 1585 1474 —ab
1599 1439 1770 1474 haeretiei·

351 1494 483 1541 agnita.
498 1514 546 1522 —
563 1495 757 1541 Gregorius
774 1495 813 1529 in
830 1496 1008 1531 miraculis
1020 1495 1207 1531 narrandis
1216 1495 1435 1534 sincerus.—
1450 1496 1536 1543 Ejus
1553 1495 1766 1543 simplicitas,

354 1552 510 1597 cautela5
526 1571 575 1579 —
594 1552 748 1599 reliquiae
769 1565 813 1588 ex
828 1553 956 1589 sanctis
973 1553 1265 1588 tumulis.—Non
1280 1553 1420 1601 scripsit
1438 1551 1581 1588 aliunde
1591 1560 1679 1588 nota
1698 1552 1768 1587 mi-

351 1608 485 1644 racula.

399 1668 451 1702 ΙΙ.
477 1667 672 1715 Gregorius
686 1680 830 1704 suorum
849 1680 998 1716 operum
1014 1669 1213 1716 oetalogum
1228 1668 1328 1704 texit.
1342 1688 1392 1696 —
1403 1668 1483 1704 Alia
1498 1668 1544 1703 ab
1559 1680 1603 1703 eo
1615 1666 1769 1704 laudata.

353 1744 401 1753 —
415 1724 507 1760 Vitae
526 1733 791 1762 sanctorum.—
801 1726 908 1761 Liber
934 1725 980 1762 de
995 1726 1215 1761 mirabilibus
1242 1726 1280 1761 S.
1300 1724 1478 1761 Medardi.
1497 1745 1547 1753 —
1564 1725 1772 1772 Antiphon:

355 1779 399 1815 de
417 1780 558 1816 eodem.
575 1801 624 1808 —
637 1781 743 1817 Gesta
759 1783 875 1818 Pilati.
897 1803 944 1812 —
959 1783 1132 1818 Miracula
1146 1783 1183 1818 S.
1203 1781 1349 1817 Andrae.
1362 1782 1536 1817 —Passio
1554 1781 1592 1817 S.
1613 1781 1747 1817 ,Iuliani
1758 1809 1770 1826 ‚

354 1834 563 1869 —Historia
579 1835 719 1883 Septem
731 1837 1149 1873 Dormientium.—Vitae
1168 1835 1230 1873 SS.
1251 1836 1373 1872 Albini
1398 1844 1433 1870 et
1452 1835 1773 1871 murila—Vita

354 1889 391 1925 S.
409 1889 547 1925 Aredii.
569 1911 617 1919 —
639 1891 826 1928 Chronicae
845 1893 1023 1941 Gregorii,
1040 1901 1107 1928 etc.
1127 1912 1177 1922 --·
1199 1892 1283 1936 Quo
1301 1891 1428 1927 ordine
1443 1891 1635 1939 Gregorius
1661 1891 1772 1927 libros

354 1947 543 1994 scripserit.
559 1967 607 1975 —
622 1950 680 1983 An
707 1949 901 1985 Historiam
915 1958 997 1998 post
1019 1958 1152 1985 ceteros
1166 1950 1278 1984 libros
1288 1948 1305 1983 Ρ
1321 1949 1483 1984 —Tituli
1498 1948 1689 1986 librorum.

401 2005 472 2041 111.
499 2005 556 2039 An
574 2005 738 2053 Gregorii
747 2006 895 2042 historia
912 2007 1126 2054 interpolata
1138 2005 1344 2041 ?—Cointii
1359 2004 1398 2040 id
1409 2005 1588 2040 sentientis
1601 2004 1770 2040 rationes.

353 2081 402 2088 —
416 2060 565 2096 Codices
579 2074 662 2097 mss.
672 2083 718 2089 —
732 2063 794 2109 qui
806 2063 979 2111 integram
991 2063 1159 2098 exhibent
1169 2062 1364 2098 historiam.
1379 2061 1615 2097 —Cointiani
1633 2060 1774 2097 codice·

353 2117 551 2164 imperfecti
563 2138 613 2144 —
625 2130 693 2153 nec
706 2118 799 2154 inter
813 2131 849 2154 se
865 2119 1128 2155 concordes.—
1142 2119 1231 2163 Quae
1244 2118 1436 2166 Gregorius
1449 2119 1580 2153 referre
1593 2126 1773 2156 statuerat.

355 2174 556 2209 —Historia
570 2174 609 2211 in
625 2175 808 2211 codicibus
824 2176 956 2212 cointii
969 2176 1173 2212 abbreviata
1181 2176 1218 2211 in
1232 2176 1326 2210 libro
1342 2176 1375 2218 Ι,
1386 2175 1534 2209 —libro
1547 2175 1599 2218 11,
1613 2193 1664 2201 —
1678 2173 1773 2210 libro

353 2231 419 2273 IV,
439 2250 488 2257 —
506 2230 600 2265 libro
609 2231 800 2277 V,—libr0
812 2233 1030 2268 VL—Libri
1043 2241 1223 2279 sequentes
1236 2229 1775 2277 &ammata—Fredegari„

352 2286 496 2322 cointio
511 2299 587 2321 non
610 2288 716 2323 favet.
730 2308 777 2315 —
798 2289 924 2324 Cetera
947 2297 1154 2336 argumenta
1167 2287 1417 2336 expenduntur
1434 2300 1444 2323 ε
1467 2306 1516 2315 —
1540 2286 1631 2335 styli
1653 2285 1775 2323 diver-

353 2343 452 2387 sitas3
481 2363 529 2370 —
549 2344 740 2391 Gregorius
755 2345 822 2380 sibi
838 2345 906 2392 ipsi
934 2346 1144 2381 contrarius.
1165 2365 1214 2373 —
1229 2344 1360 2381 Cointii
1374 2352 1581 2391 argumenta
1603 2355 1648 2378 ex
1667 2344 1775 2380 rebus

353 2400 503 2435 narratis
516 2401 623 2447 petita
636 2401 820 2437 diluuntur
832 2417 893 2447 ;—
907 2415 951 2438 ex
962 2403 1054 2437 libro
1068 2404 1126 2446 11;
1151 2422 1198 2429 —
1216 2415 1258 2437 ex
1274 2402 1368 2437 libro
1387 2402 1464 2446 1V;
1481 2420 1529 2429 —
1543 2413 1586 2436 ex
1605 2401 1700 2436 libro
1716 2401 1771 2444 V;

355 2475 402 2483 —
417 2468 460 2491 ex
474 2456 566 2491 libro
583 2458 636 2492 VI
647 2473 657 2502 ;
682 2477 730 2487 --
757 2459 969 2506 posteriores
984 2459 1067 2494 libri
1086 2467 1240 2506 quatuor
1262 2457 1525 2506 expenduntur.
1545 2477 1596 2486 —
1609 2458 1646 2495 S.
1666 2457 1775 2494 Salvii

354 2514 508 2549 Historia
520 2513 734 2550 defenditur.
752 2536 799 2546 —
812 2516 978 2564 Gregorii
994 2517 1157 2552 Historiae
1172 2516 1346 2564 epilogus.

401 2569 469 2606 IV.
493 2569 593 2613 Quid
611 2571 651 2606 in
669 2571 738 2606 hac
751 2571 906 2608 editione
924 2573 968 2608 sit
986 2572 1393 2621 praestitum.—Codices
1407 2584 1489 2608 mss.
1515 2571 1645 2618 quibus
1658 2581 1775 2607 emen·

354 2625 436 2661 data
450 2635 502 2662 est
516 2627 680 2675 Gregorii
697 2628 866 2665 Historia.
882 2649 931 2658 —
945 2629 1095 2665 Codices
1107 2629 1233 2667 Italici.
1245 2649 1293 2657 —
1306 2630 1430 2663 Annus
1445 2640 1518 2676 quo
1537 2628 1576 2664 S.
1599 2627 1774 2664 Martinus

355 2682 457 2718 obiit.
471 2703 521 2710 —
537 2683 793 2720 Miraculorum
809 2685 892 2720 libri
906 2684 953 2722 ad
967 2699 1049 2722 mss.
1068 2685 1200 2724 collati.
1221 2706 1263 2714 —
1274 2683 1373 2721 Editi
1381 2683 1534 2720 codices.

401 2739 449 2773 V.
470 2740 523 2775 De
537 2739 747 2788 Fredegafio
759 2749 793 2777 et
806 2742 882 2790 ejus
898 2736 1080 2790 operibusj

395 2819 414 2839 '¹
433 2820 634 2864 Umbrisque
648 2822 800 2854 ci-dessus
812 2823 942 2865 indique
954 2825 1100 2856 l’endrolt
1113 2825 1155 2856 οὐ
1171 2830 1383 2855 commenoent
1397 2834 1455 2855 nos
1469 2823 1603 2855 extrniu.
