2002 3418
437 366 512 405 146
841 366 909 402 DE
935 364 1123 403 GLORIA
1150 366 1444 406 MARTYRUM.

1019 491 1175 527 CAPUT
1200 491 1262 525 LI.

842 576 897 610 De
909 575 1084 623 Benigno,
1100 584 1254 623 martyre
1269 575 1437 623 glorioso.

498 664 751 728 Benignus¹
773 675 949 727 autem,
973 665 1204 713 dominici
1228 666 1436 713 nominis
1459 665 1604 726 testis,
1623 664 1752 730 apud
1771 666 1849 712 Di-

431 741 657 789 vionense
675 751 880 790 castrum
901 744 1127 807 martyrio
1147 753 1504 790 consummatus
1516 745 1624 790 est².
1646 744 1720 802 Et,
1737 743 1849 806 quia

431 819 482 866 in
514 836 689 884 magno
720 820 1014 885 sarcophago
1045 831 1154 886 post
1186 821 1466 885 martyrium
1489 819 1711 868 conditus
1732 820 1844 883 fuit,

430 895 664 961 putabant
678 897 826 943 nostri
846 898 1073 962 temporis
1090 898 1327 960 homines,
1347 908 1394 945 et
1409 898 1666 962 praesertim
1681 897 1848 945 beatus

431 974 687 1037 Gregorius
715 974 989 1039 episcopus,
1020 974 1089 1022 ibi
1111 975 1318 1039 aliquem
1339 976 1548 1040 positum
1572 974 1712 1023 fuisse
1735 991 1847 1038 gen-

429 1051 576 1098 tilem.
620 1053 741 1097 Nam
778 1051 940 1098 rustici
975 1062 1088 1100 vota
1122 1051 1240 1099 inibi
1277 1052 1601 1100 dissolvebant
1614 1090 1627 1114 ,
1664 1062 1710 1099 et
1743 1068 1848 1116 quae

428 1127 655 1192 petebant
687 1127 913 1174 velociter
951 1128 1289 1193 impetrabant.
1333 1130 1401 1176 Ad
1436 1131 1532 1178 hoc
1566 1147 1679 1194 ergo
1720 1129 1846 1178 beati

427 1204 699 1269 sepulcrum
722 1204 943 1268 quidam,
973 1204 1092 1251 dum
1120 1205 1290 1252 exinde
1315 1206 1465 1253 multa
1484 1206 1718 1254 beneficia
1738 1224 1847 1272 per-

427 1283 621 1347 ciperet,
647 1299 839 1330 cereum
864 1283 1054 1345 detulit;
1088 1300 1186 1347 quo
1216 1300 1434 1345 accenso,
1464 1283 1663 1331 domum
1687 1284 1840 1331 rediit.

426 1360 654 1407 Puerulus
675 1361 805 1407 enim
825 1361 1050 1426 parvulus
1071 1360 1174 1408 haec
1203 1360 1484 1423 observans,
1514 1361 1597 1409 illo
1621 1361 1842 1423 abeunte,

427 1437 672 1486 descendit
704 1438 767 1485 ad
799 1439 1038 1485 tumulum
1052 1475 1064 1499 ,
1093 1448 1147 1485 ut
1177 1438 1425 1486 ardentem
1454 1455 1646 1487 cereum
1673 1439 1845 1486 exstin-

427 1526 591 1579 gueret
611 1525 658 1562 et
668 1515 888 1563 auferret.
910 1518 1018 1574 Quo
1033 1514 1367 1577 descendente,
1384 1532 1494 1563 ecce
1511 1532 1703 1581 serpens
1717 1516 1847 1564 mirae

426 1593 784 1656 magnitudinis,
801 1593 861 1640 de
874 1593 966 1640 alia
978 1603 1111 1658 parte
1126 1594 1339 1655 veniens,
1361 1610 1553 1641 cereum
1569 1594 1847 1641 circumcin-

426 1670 509 1735 git.
537 1674 659 1718 Puer
678 1680 838 1718 autem
859 1671 1031 1717 timens
1052 1688 1240 1718 sursum
1258 1671 1413 1733 rediit,
1437 1681 1484 1718 et
1503 1671 1577 1719 bis
1602 1682 1684 1720 aut
1706 1673 1844 1720 tertio

427 1763 620 1795 cereum
640 1748 823 1796 auferre
842 1757 1046 1810 tentans,
1070 1747 1326 1796 obsistente
1344 1765 1516 1812 angue,
1544 1765 1644 1796 non
1667 1750 1838 1814 potuit.

425 1824 553 1872 Talia
572 1825 703 1873 ethis
720 1825 889 1872 similia
907 1824 1049 1872 beato
1071 1825 1287 1890 pontifici
1301 1826 1515 1874 nuntiata
1537 1827 1671 1873 nullo
1694 1827 1841 1874 modo

424 1902 666 1965 credebat,
690 1903 775 1950 sed
792 1903 942 1966 magis
959 1919 1020 1949 ne
1038 1902 1218 1950 ibidem
1241 1903 1496 1951 adorarent
1512 1903 1692 1951 fortiter
1708 1914 1844 1952 testa-

425 1978 581 2027 batur.
607 1979 820 2027 Tandem
839 1980 1097 2044 aliquando
1120 1981 1208 2027 Dei
1229 1990 1408 2044 martyr
1426 1980 1569 2028 beato
1593 1997 1642 2028 se
1661 1981 1843 2028 confes-

425 2057 522 2104 sori
542 2057 734 2118 revelat,
755 2066 803 2104 et
824 2056 938 2103 dicit
961 2074 971 2102 :
1003 2075 1027 2102 «
1042 2056 1194 2118 Quid,
1219 2057 1391 2119 inquit,
1414 2057 1546 2120 agis?
1569 2073 1669 2104 non
1687 2058 1843 2105 solum

425 2134 559 2198 quod
580 2144 633 2182 tu
650 2134 867 2200 despicis,
887 2151 1055 2182 verum
1070 2135 1214 2182 etiam
1231 2134 1525 2183 honorantes
1542 2152 1619 2184 me
1640 2137 1837 2201 spernis.

425 2215 493 2260 Ne
515 2212 674 2275 facias,
701 2229 880 2276 quaeso,
911 2212 995 2260 sed
1014 2222 1204 2276 tegmen
1228 2229 1370 2277 super
1392 2230 1468 2260 me
1494 2214 1703 2261 velocius
1728 2230 1843 2278 prse-

424 2307 558 2355 para.
577 2293 684 2337 »De
701 2307 797 2355 qua
808 2291 884 2337 ille
901 2290 1082 2337 visione
1095 2306 1353 2337 concussus
1365 2289 1559 2337 beatum
1570 2291 1839 2356 sepulcrum

424 2370 549 2431 adit,
581 2368 743 2433 ibique
771 2368 1030 2416 diutissime
1060 2384 1150 2432 pro
1181 2367 1451 2429 ignorantia
1483 2385 1595 2414 cum
1618 2368 1734 2415 fletu
1761 2385 1840 2415 ve·

425 2447 555 2494 niam
578 2447 876 2511 deprecatur.
907 2448 966 2491 Et
990 2445 1103 2510 quia
1125 2454 1289 2509 crypta
1307 2444 1403 2506 illa,
1426 2462 1531 2509 quae
1551 2444 1614 2493 ab
1636 2446 1842 2510 antiquis

425 2523 543 2570 inibi
558 2524 869 2587 transvoluta³
877 2522 1047 2584 fuerat,
1058 2521 1215 2569 diruta
1226 2532 1342 2581 erat,
1356 2539 1545 2570 rursum
1556 2540 1662 2571 eam
1674 2523 1841 2571 beatus

478 2667 534 2720 (1)
556 2671 640 2707 Hoc
659 2677 775 2721 caput
800 2668 906 2706 deest
933 2666 973 2705 in
1004 2665 1114 2707 Colb.
1135 2674 1225 2715 tut„
1248 2666 1426 2704 laudatur
1447 2666 1488 2704 in
1514 2665 1703 2706 Chronico
1719 2664 1839 2704 sancti

424 2730 598 2783 Benigni.
619 2734 698 2779 (R.)

477 2797 532 2843 (2)
552 2797 628 2834 An.
651 2796 745 2841 178,
766 2796 785 2833 1
805 2806 899 2834 nov,
916 2795 997 2843 (R.)
1063 2792 1070 2796 “

478 2859 533 2906 (3)
552 2857 613 2896 Sic
630 2856 779 2895 aedificii
796 2856 980 2895 fornicem
1006 2854 1185 2906 exprimit
1202 2853 1341 2906 passim
1362 2854 1582 2907 Gregorius.
1603 2857 1682 2903 (R.)
