2002 3418
335 318 413 355 294.
705 316 771 352 DE
798 314 986 352 GLORIA
1012 313 1307 350 MARTYRUM.

855 434 857 439 ¹
903 457 1058 494 CAPUT
1084 458 1179 494 cvl.

699 547 919 596 stupendum
936 548 1145 582 miraculum
1162 547 1199 580 in
1215 556 1337 583 avaros
1350 547 1378 583 ¹.

403 648 520 692 Nam
544 643 702 691 audivi
725 641 967 706 praeteritis
990 642 1127 688 annis
1156 651 1337 704 gestum
1366 641 1415 687 in
1445 641 1623 688 Galliis.
1646 643 1748 688 Mu-

336 724 423 771 lier
443 721 661 785 quaedam
679 717 769 766 sub
786 719 940 783 specie
962 719 1201 782 religionis
1218 718 1417 766 vacabat
1433 718 1621 782 jejuniis
1644 734 1749 766 ora-

338 799 641 862 tionibusque
670 795 913 843 insistebat
929 830 941 852 ‚
975 794 1199 858 vigilabat
1232 796 1532 860 pertinaciter
1560 812 1616 844 ac
1645 797 1751 845 loca

338 886 501 925 sancta
524 874 779 922 devotione
801 872 1019 920 simulata
1039 872 1270 920 circuibat
1297 873 1497 920 assidue.
1538 875 1752 937 Cumque

338 957 388 1003 in
403 956 499 1002 hoc
508 953 674 1000 colore
690 952 823 1015 justae
841 951 946 997 vitae
962 950 1169 1013 duraret,
1189 951 1440 998 immensas
1456 968 1570 1017 opes
1587 967 1617 999 a
1633 952 1754 998 mul-

338 1034 397 1080 tis
424 1028 734 1095 suscipiebat3
767 1028 1086 1091 congregabat
1112 1044 1282 1075 aurum
1303 1028 1533 1093 quotidie,
1558 1038 1606 1076 et
1622 1029 1755 1092 quod

341 1107 533 1155 devotio
562 1104 818 1152 christiana
845 1120 934 1168 pro
956 1103 1244 1151 redimendis
1263 1103 1533 1169 porrigebat
1561 1104 1756 1170 captivis

340 1185 508 1232 loculis
531 1181 798 1231 abdebatur
829 1181 1055 1241 occultis;
1090 1191 1137 1228 et
1156 1198 1275 1246 ..quae
1297 1181 1533 1229 dabantur
1558 1182 1759 1247 inopum

341 1259 696 1310 necessitatibus
723 1258 972 1324 profutura
999 1258 1172 1322 iniquis
1207 1259 1454 1324 marsupiis
1483 1257 1759 1306 condeban-
1794 1297 1797 1301 ,

342 1350 435 1387 tur.
465 1341 585 1385 Nam
610 1336 780 1384 effossa
802 1337 971 1383 mulier
996 1335 1146 1383 humo
1165 1336 1214 1382 in
1237 1335 1395 1383 medio
1417 1336 1595 1384 cellulae
1617 1335 1763 1384 ollam

342 1417 623 1463 immensam
633 1414 874 1479 imposuit,
891 1413 1070 1478 ibique,
1088 1429 1196 1460 cum
1211 1412 1390 1477 aliquid
1403 1412 1568 1460 datum
1582 1412 1757 1475 fuisset,

343 1491 635 1541 recondebat
670 1490 919 1555 diligenter
950 1501 998 1537 et
1022 1490 1179 1556 lapide
1213 1490 1508 1556 superposito
1538 1489 1762 1538 claudens

344 1581 397 1618 ut
411 1571 530 1617 nulli
549 1578 731 1635 pateret
748 1569 1004 1616 occultum.
1029 1570 1066 1616 Ο
1083 1579 1247 1632 terque
1265 1579 1523 1633 quaterque
1542 1579 1589 1616 et
1610 1568 1763 1620 obiter

345 1646 633 1696 exsecranda
657 1645 905 1711 cupiditas,
934 1663 1039 1709 quae
1064 1646 1169 1693 luce
1191 1645 1414 1694 fraudans
1435 1646 1653 1694 homines
1681 1646 1762 1693 de·

347 1725 518 1788 mergis
555 1724 605 1770 in
638 1721 884 1770 tenebrasl
925 1722 1053 1780 Quid
1085 1721 1253 1787 plura?
1290 1724 1410 1770 Cum
1446 1723 1540 1770 olla
1572 1723 1763 1788 impleta

349 1803 510 1849 fuisset
533 1800 740 1847 nummis
755 1837 768 1862 ,
802 1800 914 1847 huic
941 1800 1130 1847 mulieri
1152 1810 1338 1865 tempus
1362 1801 1659 1848 resolutionis
1679 1800 1763 1848 ad-

348 1880 479 1927 venit
499 1897 509 1926 :
547 1888 737 1926 mortua
763 1893 877 1925 vero
907 1881 1011 1925 Deo
1028 1915 1042 1940 ,
1078 1878 1284 1941 migrans
1304 1878 1355 1925 in
1377 1878 1563 1925 inferno
1584 1877 1765 1943 sepulta

352 1967 439 2005 est.
466 1959 580 2003 Post
593 1956 728 2019 cujus
749 1956 1008 2019 exsequias,
1030 1955 1297 2003 sacerdotes
1317 1956 1400 2018 qui
1414 1955 1612 2003 aderant
1634 1955 1767 2020 puel-

351 2036 448 2083 lam
466 2034 566 2098 ejus
586 2033 864 2080 familiarem
881 2033 1191 2096 interrogant,
1217 2031 1334 2096 quid
1355 2030 1416 2078 de
1437 2041 1569 2079 tanta
1590 2031 1770 2080 fecisset

353 2112 572 2177 pecunia,
592 2121 675 2158 aut
692 2111 730 2157 si
750 2109 812 2158 ad
827 2126 934 2158 eam
949 2109 1240 2174 erogandam
1255 2109 1479 2174 temporis
1504 2108 1577 2156 sui
1596 2109 1768 2174 permi-

355 2191 413 2237 sit
435 2190 656 2255 spatium.
679 2191 734 2236 At
756 2188 836 2236 illa
858 2189 1102 2255 respondit
1116 2204 1364 2252 nunquam
1385 2204 1433 2234 se
1451 2187 1621 2235 vidisse
1637 2186 1769 2251 quod

357 2269 440 2316 ulli
460 2270 661 2334 inopum
676 2284 874 2315 manum
890 2266 1219 2315 misericordiae
1237 2265 1534 2331 porrexisset,
1557 2275 1639 2312 aut
1652 2263 1769 2328 quid

356 2347 561 2410 pecunia
575 2346 686 2394 data
698 2345 960 2393 devenisset
976 2346 1192 2408 ignorare
1213 2360 1262 2391 se
1276 2359 1367 2391 con
1374 2342 1544 2390 fitetur.
1570 2362 1591 2388 a
1613 2346 1769 2390 Unum

359 2432 544 2471 tantum
566 2425 682 2485 scio,
708 2424 796 2485 ait,
829 2422 960 2487 quod
978 2424 1028 2469 in
1052 2422 1219 2470 cellula
1242 2421 1570 2486 deportatum,
1595 2437 1768 2484 regres-

361 2517 466 2547 sum
484 2501 598 2549 foris
609 2503 734 2550 ultra
750 2517 850 2550 non
866 2500 1014 2549 vidi.»
1030 2502 1139 2547 Haec
1152 2499 1395 2548 audientes
1411 2499 1568 2547 clerici
1583 2508 1772 2563 stupent

418 2683 467 2730 (1)
493 2682 638 2721 Titulus
661 2682 777 2737 hujus
804 2684 937 2736 capitis
955 2683 1067 2722 sicin
1085 2696 1176 2730 mss.
1201 2681 1365 2721 habetur
1389 2696 1399 2721 :
1429 2685 1487 2719 De
1512 2684 1668 2719 muliere
1693 2694 1772 2732 quae

361 2748 558 2794 pecuniam
575 2744 780 2784 abscondit.
796 2747 1050 2794 (RQ—2205,
1066 2748 1124 2783 De
1143 2748 1299 2782 muliere
1317 2748 1475 2794 ipocrita
1489 2753 1645 2793 propter
1654 2757 1772 2793 pecu-

365 2810 467 2843 niam
486 2808 681 2847 damnata.
