2002 3418
384 378 433 415 50
789 376 854 412 DE
883 374 1067 412 GLORIA
1094 373 1390 411 MARTYRUM.

382 464 533 511 cessit.
557 466 673 522 Quae
695 462 811 510 dum
836 462 972 525 redit,
1000 478 1161 509 cereus
1180 478 1324 526 quem
1343 477 1491 508 manu
1512 460 1702 524 gerebat
1717 478 1794 509 ex-

382 541 649 606 stinguitur,
668 557 968 605 regressaque
985 540 1208 588 velociter
1218 539 1280 587 ad
1296 539 1564 587 cicindilem
1574 577 1587 602 ,
1603 556 1794 588 cereum

380 636 481 666 non
515 618 772 682 attingebat
792 617 1075 678 illuminare,
1113 633 1268 680 neque
1301 617 1527 681 laqueum
1561 615 1685 664 funis
1715 616 1795 664 ab·

380 697 578 744 solvere.
599 699 727 744 Dum
744 695 966 758 ambigua
985 695 1153 742 dehac
1181 711 1320 742 causa
1346 694 1597 760 penderet,
1635 694 1793 743 subito

380 774 573 840 delapsa
593 791 621 823 a
639 775 855 822 cicindile
875 774 1067 821 flamma
1080 812 1092 835 ,
1116 790 1306 821 cereum
1330 774 1378 820 in
1404 790 1552 821 manu
1572 773 1673 838 ejus
1692 774 1795 821 illu-

379 853 595 912 minavit3
610 862 656 899 et
671 853 737 899 sic
756 852 913 899 officio
929 852 1120 899 luminis
1137 862 1393 916 praeeunte,
1410 868 1507 915 quo
1519 852 1670 899 voluit
1689 852 1788 899 ivit.

444 933 618 977 Ferunt
643 940 802 977 autem
827 930 875 976 in
899 929 995 976 hoc
1014 930 1223 976 oratorio
1241 946 1270 976 a
1286 930 1463 994 lychno
1483 931 1644 977 oleum
1660 929 1793 978 ebul-

377 1008 478 1054 lire.
506 1007 752 1055 Habentur
774 1007 903 1054 enim
922 1016 967 1054 et
988 1006 1055 1052 ibi
1073 1007 1280 1071 reliquiae
1298 1017 1468 1056 sanctae
1486 1009 1654 1055 crucis.

947 1118 1104 1152 CAPUT
1130 1119 1231 1153 XVI.

617 1199 670 1232 De
685 1196 814 1232 ardore
828 1209 952 1232 manus
967 1197 1151 1244 cujusdam
1170 1200 1324 1235 mulieris
1337 1200 1510 1235 exstincto
1524 1202 1550 1235 ¹.

444 1281 543 1328 Sub
566 1280 708 1346 hujus
729 1281 861 1328 urbis
886 1283 1123 1330 territorio
1145 1283 1274 1348 apud
1299 1284 1460 1331 vicum
1490 1285 1795 1348 Alangavien-

378 1359 524 1421 sem²,
553 1359 722 1406 mulier
737 1358 956 1424 quaedam
974 1377 1031 1407 ex
1049 1361 1218 1407 incolis
1230 1398 1242 1422 ,
1268 1377 1523 1426 conspersa
1545 1362 1798 1410 Dominica

378 1437 455 1484 die
478 1437 650 1499 farina,
679 1454 856 1502 panem
878 1437 1126 1500 formavit,
1152 1455 1314 1502 quem,
1341 1440 1591 1502 segregatis
1611 1440 1793 1505 prunis,

377 1515 535 1562 cinere
565 1514 762 1562 ferventi
786 1515 994 1562 contexit
1021 1515 1407 1580 decoquendum.
1431 1515 1575 1574 Quod
1594 1534 1704 1564 cum
1732 1516 1798 1563 fe-

378 1593 541 1654 cisset,
567 1593 786 1657 protinus
806 1594 850 1640 ei
873 1609 1045 1641 manus
1062 1593 1254 1642 dextera
1270 1594 1434 1642 divino
1451 1595 1557 1658 igne
1573 1611 1798 1642 succensa

378 1670 521 1734 coepit
542 1671 690 1717 exuri.
720 1673 781 1717 At
805 1670 884 1719 illa
905 1671 1169 1719 vociferans
1193 1688 1249 1719 ac
1266 1672 1518 1737 plangens,
1552 1671 1798 1740 basilicam

376 1747 520 1811 hujus
542 1748 635 1795 vici
651 1785 663 1809 ,
697 1748 747 1794 in
773 1765 868 1812 qua
893 1749 1100 1814 reliquiae
1126 1747 1255 1796 beati
1286 1750 1481 1796 Joannis
1515 1749 1795 1810 retinentur,

378 1825 586 1889 expetiit.
624 1828 682 1871 Et
712 1827 927 1873 oratione
960 1826 1085 1887 fusa,
1120 1827 1280 1887 vovit,
1316 1827 1364 1873 in
1398 1827 1491 1874 hac
1521 1825 1599 1873 die
1632 1826 1797 1873 divino

378 1902 565 1949 nomini
603 1913 878 1950 consecrata
897 1941 910 1964 ,
955 1896 1136 1951 nullam
1173 1920 1368 1970 operam
1410 1920 1627 1952 exercere
1646 1940 1659 1966 ,
1707 1902 1799 1949 nisi

378 1991 566 2028 tantum
601 1982 805 2029 orationi
841 1998 1027 2029 vacare.
1067 1985 1215 2030 Nocte
1250 1999 1364 2030 vero
1403 1983 1617 2048 sequenti
1634 2019 1649 2044 ,
1690 1980 1799 2028 fecit

379 2075 571 2106 cereum
610 2059 659 2106 in
697 2058 998 2106 altitudinem
1035 2069 1181 2107 status
1217 2060 1306 2108 sui.
1348 2063 1480 2108 Tunc
1510 2060 1561 2107 in
1585 2058 1799 2106 oratione

378 2146 666 2200 pernoctans
683 2175 695 2198 ,
737 2147 870 2184 tento
908 2146 1008 2184 tota
1044 2146 1186 2184 nocte
1224 2153 1372 2185 manu
1410 2137 1606 2203 propria
1638 2151 1795 2197 cereo,

379 2215 610 2263 restinctis
636 2214 888 2264 ardoribus
913 2215 1165 2263 incolumis
1186 2224 1255 2264 est
1276 2232 1473 2280 egressa.

940 2327 1096 2362 CAPUT
1119 2327 1241 2363 XVII.

907 2406 960 2439 De
975 2404 1084 2440 fluvio
1101 2405 1123 2438 J
1125 2403 1272 2439 ordane.

447 2484 504 2529 Et
534 2485 646 2545 quia
677 2483 872 2530 Joannis
898 2483 1112 2547 Baptistae
1139 2483 1442 2530 meminimus
1458 2521 1470 2545 ,
1500 2483 1699 2546 dignum
1731 2491 1800 2529 est

382 2569 435 2605 ut
457 2559 516 2606 de
538 2562 559 2604 J
565 2559 744 2607 ordane
760 2560 919 2624 aliqua
933 2577 1267 2608 memoremus.
1293 2560 1438 2623 Igitur
1457 2577 1485 2607 a
1502 2571 1666 2608 monte
1685 2560 1800 2606 Pha·

436 2705 494 2751 (1)
512 2707 572 2742 De
588 2709 765 2756 reliquiis
783 2710 905 2743 sancti
920 2706 1106 2743 ,Iohannis
1123 2708 1399 2758 Alangaviense
1414 2712 1506 2756 vico,
1526 2710 1646 2748 2205.

434 2769 491 2814 (2)
508 2768 600 2805 Mss.
622 2768 709 2807 cod.
730 2768 901 2820 quidam,
921 2770 1214 2819 Langaoiensem
1226 2798 1236 2816 ‚
1258 2773 1482 2810 Lanviense.
1504 2773 1584 2820 (R.)
1596 2792 1649 2801 -—
1661 2769 1796 2822 suppl.

382 2831 476 2877 478,
497 2833 787 2882 Lingaviensim.
811 2827 1094 2885 Alingaviensis
1106 2833 1182 2872 vici
1200 2833 1336 2874 iterata
1353 2835 1512 2884 mentio,
1533 2835 1574 2874 in
1593 2832 1692 2874 nist.
1713 2834 1796 2882 Fr„

381 2889 449 2929 lib.
472 2893 525 2939 X,
546 2904 583 2932 c.
602 2899 712 2940 xxxi,
731 2890 762 2944 S
782 2894 819 2931 3.
