2002 3418
371 323 448 361 392
675 324 742 360 DE
769 324 1036 362 MIRACULIS
1064 325 1237 364 SANc‘n
1265 326 1474 366 JULIAM.

369 421 477 476 post
521 411 619 458 otia
663 410 903 460 diuturna.
954 413 1119 461 Mulier
1151 413 1316 475 etiam,
1339 415 1546 473 vnomine
1589 418 1779 465 AEterna

373 486 480 551 (ms.
515 489 653 536 Gem.
685 491 906 547 Acerna;
947 490 1044 555 R.)‚
1083 506 1194 538 cum
1226 489 1322 539 filia
1355 490 1417 539 ab
1443 491 1580 540 hoste
1614 492 1780 557 iniquo

368 573 551 627 vexata,
573 565 635 614 ad
654 565 749 613 hoc
765 566 911 614 altare
931 576 1111 628 curata,
1137 583 1248 614 cum
1267 567 1402 632 prole
1425 584 1586 633 sospes
1601 567 1782 617 absces-

370 640 444 688 sit.
467 642 726 705 Frigoritici
746 643 890 691 etiam
911 643 961 691 in
987 643 1069 691 illo
1092 644 1201 691 loco
1223 644 1442 692 nonnulli
1465 645 1628 694 salvati
1651 655 1777 694 sunt.

966 759 1123 796 CAPUT
1146 760 1188 795 L.

845 832 897 866 De
910 833 980 867 alio
995 845 1088 869 caeco
1102 833 1324 871 inluminato.

437 907 531 955 Sed
557 906 788 971 quoniam
816 922 915 954 non
946 917 1016 955 est
1037 907 1298 957 absurdum
1323 910 1362 958 si
1386 909 1552 958 beatus
1573 911 1785 959 Julianus

373 1002 484 1033 cum
514 987 698 1032 Joanne
730 993 815 1031 aut
849 985 1053 1034 Martino
1084 986 1215 1035 dona
1244 989 1499 1036 sanitatum
1527 989 1782 1053 impertiat,

373 1079 485 1111 cum
512 1061 688 1127 quibus
713 1062 866 1110 victor
893 1064 1050 1111 saeculi
1084 1065 1135 1112 in
1165 1066 1287 1113 coelo
1314 1066 1559 1131 tripudiat,
1586 1066 1786 1115 referam

373 1140 532 1189 adhuc
558 1140 760 1204 qualiter
784 1156 896 1188 cum
924 1141 1104 1189 Nicetio
1131 1142 1436 1206 Lugdunensi
1457 1143 1599 1190 simili
1617 1144 1787 1192 virtute

374 1218 605 1266 floruerit.
636 1218 800 1282 Igitur,
839 1217 964 1266 infra
996 1219 1255 1267 terminum
1291 1219 1513 1268 territorii
1546 1221 1784 1282 Turonici,

375 1296 623 1344 Litomeris
637 1295 835 1361 quidam
856 1296 906 1344 in
927 1295 1114 1344 honore
1136 1297 1286 1345 sancti
1308 1297 1526 1362 martyris
1545 1297 1788 1346 basilicam

375 1375 648 1438 aedificavit,
695 1376 745 1424 in
780 1391 878 1440 qua
918 1387 1008 1423 nos
1041 1391 1100 1424 ex
1136 1392 1270 1424 more
1310 1376 1373 1424 ad
1405 1375 1789 1425 benedicendum

375 1454 560 1503 evocati
573 1491 587 1520 ,
611 1454 763 1502 sancti
796 1456 819 1500 J
824 1453 970 1501 uliani
993 1454 1210 1518 martyris
1225 1490 1238 1517 ,
1264 1471 1376 1524 cum
1407 1454 1573 1502 Nicetii
1605 1453 1790 1518 Lugdu·

376 1532 534 1579 nensis
547 1568 562 1594 ,
599 1531 822 1596 reliquias
852 1531 1207 1580 collocavimus.
1239 1531 1333 1580 Sed
1363 1548 1463 1579 non
1498 1531 1650 1580 multo
1682 1542 1791 1597 post

374 1619 589 1675 tempore
627 1625 778 1658 caecus
816 1608 1098 1672 adveniens,
1138 1609 1256 1657 dum
1296 1608 1496 1658 fideliter
1524 1610 1790 1659 orationem

376 1686 521 1749 fudit,
552 1687 707 1734 visum
741 1687 950 1752 recipere
985 1687 1175 1735 meruit.
1207 1687 1402 1735 Memini
1429 1686 1571 1750 hujus
1600 1688 1709 1735 caeci
1738 1688 1788 1736 in

375 1762 500 1811 libro
540 1764 655 1810 Vitae
685 1764 836 1811 sancti
868 1763 1032 1811 Nicetii
1048 1800 1061 1825 ,
1103 1764 1216 1827 quia
1247 1763 1446 1826 dignum
1473 1772 1542 1811 est
1574 1773 1627 1811 ut
1661 1780 1789 1812 com-

376 1841 536 1889 munis
550 1841 698 1888 virtus
716 1841 960 1906 utriusque
984 1842 1135 1889 sancti
1162 1841 1337 1906 scripta
1361 1849 1629 1889 connectat.
1665 1843 1788 1906 Ergo

375 1919 451 1968 his
468 1919 708 1966 miraculis
733 1918 885 1966 lector
912 1918 1166 1966 intendens
1187 1918 1415 1982 intelligat
1431 1933 1532 1964 non
1550 1917 1685 1966 aliter
1700 1919 1790 1967 nisi

377 2004 639 2060 martyrum
667 1994 1056 2059 reliquorumque
1080 1995 1345 2042 amicorum
1366 1995 1454 2042 Dei
1475 1994 1721 2058 adjutoriis
1740 2012 1790 2044 se

375 2092 514 2141 posse
548 2075 734 2123 salvari.
766 2078 866 2139 Ego
898 2085 1058 2123 autem
1086 2075 1280 2122 Domini
1312 2074 1683 2122 misericordiam
1705 2091 1791 2140 per

375 2152 503 2201 beati
536 2153 755 2217 martyris
783 2153 956 2201 Juliani
990 2153 1254 2218 patrocinia
1284 2151 1533 2218 deprecor,
1565 2161 1619 2199 ut
1648 2152 1791 2200 advo-

377 2240 510 2279 catus
522 2232 571 2278 in
587 2232 739 2280 causis
751 2232 933 2279 alumni
942 2232 1142 2297 proprii,
1155 2247 1317 2297 coram
1331 2232 1540 2279 Domino
1552 2231 1785 2293 assistens,

378 2306 592 2357 obtineat
618 2318 671 2356 ut
694 2307 874 2373 absque
896 2308 1241 2374 impedimento
1264 2308 1459 2356 maculae
1482 2307 1622 2354 ullius
1648 2306 1790 2372 hujus

378 2385 483 2433 vitae
500 2402 693 2434 cursum
710 2402 952 2452 peragam,
975 2395 1116 2450 atque
1137 2385 1218 2433 illa
1235 2401 1339 2449 quae
1357 2384 1598 2432 confessus
1615 2400 1720 2431 sum
1738 2384 1789 2432 in

377 2461 615 2527 baptismo
658 2462 1130 2529 irreprehensibiliter
1166 2471 1353 2510 teneam
1370 2499 1384 2524 ,
1420 2461 1620 2509 fideliter
1657 2478 1788 2510 exer·
1842 2516 1847 2518 .

377 2556 512 2588 ceam
550 2557 607 2589 ac
637 2542 831 2590 viriliter
863 2557 1013 2607 usque
1053 2540 1115 2589 ad
1156 2541 1617 2589 consummationem
1650 2539 1790 2604 hujus

377 2617 482 2666 vitae
504 2618 787 2668 custodiam.
814 2621 981 2667 Amen.

460 2767 633 2792 EXPLICIT
654 2769 762 2794 LIBER
779 2768 966 2795 sumanus
985 2769 1035 2792 DE
1052 2768 1189 2795 ezonu
1208 2768 1337 2793 sumn
1358 2767 1545 2793 nunnius
1562 2767 1711 2793 ’unum

837 2826 1015 2848 ”mmm
1041 2827 1175 2848 unum
1207 2827 1328 2848 Eoml.
1642 2807 1645 2809 ‘
