2002 3418
425 358 499 394 336
727 361 792 397 DE
820 360 1086 399 MIRACULIS
1116 362 1285 399 SANCTI
1311 363 1522 400 JULIANI.

977 493 1131 528 CAPUT
1162 492 1228 528 XV
1233 493 1281 527 11.

768 577 820 611 De
834 575 986 612 diacono
1001 577 1062 623 qui
1077 589 1159 613 oves
1175 577 1325 612 basilicae
1339 577 1492 613 abstulit.

488 657 592 703 Fuit
632 658 772 704 etiam
807 657 1002 721 quidam
1040 657 1269 705 diaconus
1305 658 1412 721 qui,
1444 657 1655 704 relictam
1684 657 1835 704 eccle-

423 735 540 781 siam
555 770 566 791 ,
604 733 719 781 fisco
749 751 798 782 se
825 735 1019 800 publico
1051 735 1228 798 junxit,
1267 744 1553 799 acceptaque
1575 751 1603 782 a
1625 735 1835 800 patronis

422 820 650 874 potestate
668 847 680 869 ,
720 819 850 858 tanta
877 812 1178 876 perpetrabat
1212 813 1386 859 scelera
1418 822 1472 858 ut
1501 812 1577 858 vix
1617 820 1775 876 posset
1807 826 1836 858 a

422 886 588 933 vicinis
608 887 952 951 circumpositis
974 889 1206 935 sustineri.
1251 889 1430 935 Accidit
1452 898 1610 936 autem
1629 887 1836 952 quadam

422 964 524 1011 vice
560 973 614 1010 ut
650 964 792 1011 saltus
829 975 1101 1012 montenses
1117 1004 1129 1027 ,
1172 966 1257 1013 ubi
1288 967 1350 1013 ad
1382 965 1687 1013 aestivandum
1726 981 1837 1012 oves

422 1039 661 1102 abierant,
699 1042 992 1102 circumiret,
1028 1052 1170 1105 atque
1200 1044 1469 1107 pascuaria¹
1494 1059 1598 1107 quae
1620 1042 1734 1089 fisco
1759 1042 1838 1089 de-

422 1117 660 1165 bebantur
701 1119 973 1181 inquireret.
1020 1121 1236 1184 Cumque
1275 1120 1484 1167 diversos
1517 1121 1739 1185 spoliaret
1768 1120 1837 1166 in-

418 1194 542 1257 juste
558 1231 570 1255 ,
608 1195 840 1259 conspicit
868 1196 1054 1242 eminus
1091 1212 1252 1259 greges
1282 1197 1364 1259 qui
1399 1206 1514 1243 tunc
1532 1196 1621 1243 sub
1643 1197 1838 1244 nomine

424 1271 640 1335 martyris
668 1270 949 1333 tuebantur,
986 1272 1046 1319 ad
1080 1289 1201 1336 quos
1225 1272 1317 1319 levi
1350 1289 1490 1319 cursu
1518 1273 1711 1320 evolans
1733 1282 1837 1320 tan-

424 1364 569 1412 quam
586 1349 726 1413 lupus
747 1365 890 1414 rapax
913 1349 1074 1414 diripit
1096 1349 1278 1396 arietes.
1303 1348 1583 1398 Conturbati
1603 1359 1745 1413 atque
1764 1364 1838 1396 ex-

423 1425 574 1471 territi
582 1435 795 1490 pastores
810 1425 972 1473 ovium
986 1426 1150 1473 dicunt
1171 1426 1215 1473 ei
1233 1443 1243 1472 :
1277 1446 1300 1470 <t
1317 1429 1403 1488 Ne,
1426 1442 1709 1490 quaesumus,
1727 1442 1840 1473 con-

424 1504 574 1567 tingas
594 1503 686 1551 hos
703 1504 887 1566 arietes,
909 1504 1022 1567 quia
1046 1503 1174 1551 beati
1192 1505 1408 1568 martyris
1430 1505 1602 1552 Juliani
1622 1504 1837 1551 dominio

424 1581 659 1646 subjugati
690 1591 815 1628 sunt.
838 1601 860 1625 2>
891 1581 1076 1640 Quibus
1098 1582 1176 1629 ille
1197 1581 1298 1628 haec
1321 1581 1522 1629 irridens
1543 1580 1838 1647 respondisse

424 1657 576 1705 fertur
595 1676 605 1704 ε
626 1677 649 1703 «
670 1661 872 1705 Putasne
892 1658 1004 1721 quia
1028 1658 1239 1705 Julianus
1258 1657 1464 1704 comedit
1480 1658 1676 1705 arietes?
1694 1677 1717 1701 ι)
1744 1660 1840 1705 De-

423 1734 554 1796 hinc,
573 1735 684 1799 ipsis
697 1733 972 1781 verberibus
989 1734 1183 1794 affectis,
1199 1751 1303 1798 quae
1320 1735 1471 1781 voluit
1483 1734 1689 1796 abstulit,
1709 1735 1839 1798 igno—

426 1827 534 1858 rans
552 1812 694 1858 miser
711 1810 843 1875 quod
856 1811 936 1875 qui
955 1811 1014 1858 de
1033 1811 1258 1859 domibus
1276 1821 1549 1859 sanctorum
1564 1812 1742 1875 aliquid
1758 1828 1838 1860 au-

427 1889 513 1934 fert
535 1889 646 1953 ipsis
677 1888 848 1935 sanctis
870 1888 1092 1951 injuriam
1113 1888 1245 1950 facit,
1264 1889 1367 1953 ipso
1381 1889 1446 1936 sic
1460 1889 1668 1935 Domino
1683 1900 1840 1954 prote-

425 1976 577 2013 stante
597 1984 608 2012 :
643 1967 739 2026 Qui
769 1981 845 2012 vos
866 1967 1052 2031 spernit
1081 1983 1154 2013 me
1181 1967 1421 2030 spernl't²;
1444 1974 1490 2012 et
1513 1983 1523 2011 :
1555 1967 1651 2026 Qui
1674 1969 1842 2031 recipit

414 2045 619 2109 J'astum,
661 2042 921 2090 mercedem
942 2043 1070 2108 J'asti
1097 2045 1341 2107 accepiet&
1380 2043 1588 2107 Contigit
1609 2053 1766 2091 autem
1787 2054 1841 2092 ut

426 2132 534 2186 post
563 2121 664 2169 dies
694 2121 890 2182 multos,
921 2136 1022 2168 non
1041 2121 1285 2184 religione,
1316 2120 1400 2168 sed
1418 2136 1531 2168 casu
1548 2120 1835 2183 conferente,

427 2200 488 2247 ad
510 2199 668 2247 vicum
689 2199 1006 2246 Brivatensem
1025 2208 1316 2263 properaret,
1337 2198 1666 2263 projectusque
1688 2199 1837 2246 humo

426 2288 536 2324 ante
561 2277 831 2342 sepulcrum
851 2293 963 2324 mox
982 2293 1011 2324 a
1026 2276 1156 2324 febre
1177 2277 1444 2341 corripitur,
1465 2286 1523 2329 xet
1546 2286 1677 2345 tanta
1692 2278 1740 2324 vi
1761 2293 1836 2325 ca-

428 2355 540 2403 loris
562 2355 861 2420 opprimitur,
887 2364 940 2401 ut
962 2370 1116 2418 neque
1141 2369 1440 2416 consurgere,
1466 2369 1620 2418 neque
1636 2370 1835 2419 puerum

429 2448 626 2479 evocare
649 2442 822 2498 posset.
845 2431 1028 2478 Famuli
1048 2447 1181 2491 vero,
1205 2446 1315 2491 cum
1335 2429 1559 2478 vidissent
1577 2448 1687 2478 eum
1708 2440 1837 2478 extra

429 2511 619 2557 solitum
645 2510 751 2575 plus
779 2509 1085 2570 occumbere,
1117 2508 1421 2556 accedentes:
1450 2529 1473 2554 «
1500 2509 1627 2568 Quid
1660 2520 1735 2571 tu,
1769 2510 1838 2557 in-

481 2669 537 2714 (1)
555 2665 797 2703 pascuarium
817 2664 953 2702 dicitur
971 2663 1130 2715 vectigal
1149 2677 1198 2702 ex
1215 2665 1433 2704 animalium
1454 2665 1624 2717 pastione
1637 2694 1647 2713 ‚
1668 2674 1711 2703 ut
1727 2678 1836 2718 agra-

431 2726 527 2765 rium
564 2727 658 2764 illud
690 2726 794 2778 quod
827 2726 927 2777 agris
957 2725 1180 2776 imponitur.
1211 2729 1268 2764 De
1293 2726 1352 2764 his
1377 2727 1523 2778 Bignon
1537 2756 1548 2775 ‚
1583 2728 1621 2766 in
1659 2727 1831 2771 Marc-ulf.

431 2790 542 2828 form.
565 2802 683 2836 xxxv,
704 2787 772 2828 lib.
795 2790 826 2826 Ι.
854 2786 1100 2839 (R.)-—Vide
1120 2796 1156 2825 et
1177 2787 1306 2840 Cangii
1329 2788 1486 2841 glossar.

485 2854 537 2905 (2)
557 2854 674 2900 Luc.,
695 2853 827 2907 516.
847 2872 901 2880 —
917 2852 971 2899 (3)
989 2850 1122 2889 Matth.
1138 2880 1148 2899 ,
1171 2865 1216 2900 x,
1239 2853 1303 2891 41.
