2002 3418
389 330 465 367 178
691 381 694 386 Ι
794 331 860 367 DE
870 387 876 393 ⁴
891 330 1075 368 GLORIA
1102 331 1398 368 MARTYRUM.

388 420 547 482 tensis,
581 436 667 486 per
689 420 845 468 visum
878 421 1046 468 ductus
1059 455 1072 478 ,
1106 419 1191 467 ubi
1225 429 1403 484 martyr
1431 419 1691 483 quiesceret
1729 429 1799 467 est

388 497 601 546 edoctus.
632 499 744 545 Post
763 513 971 563 paucum
993 507 1152 546 autem
1172 506 1377 561 tempus,
1403 496 1598 544 veniens
1619 496 1681 544 ad
1701 497 1800 562 epi·

387 590 606 640 scopum,
644 585 692 623 et
721 576 856 640 quasi
886 585 1013 623 certa
1036 576 1168 638 signa
1198 591 1302 638 quae
1332 590 1418 638 per
1445 573 1600 620 visum
1621 573 1802 622 viderat

385 653 614 718 relegens,
640 671 751 701 cum
772 655 903 720 prius
922 653 1103 702 ibidem
1128 669 1227 700 non
1253 651 1430 713 fuisset,
1458 652 1523 699 ait
1545 651 1795 716 episcopo:

387 751 410 774 (ι
428 731 515 778 Hic
533 731 705 795 effode,
723 742 771 780 et
781 733 993 781 invenies
1014 748 1188 796 corpus
1210 730 1387 791 Sancti,
1404 730 1454 776 id
1475 740 1560 791 est,
1577 730 1627 776 in
1640 728 1800 776 medio

384 807 574 856 absidae.
594 830 616 853 n
639 812 697 858 At
717 810 818 872 ille,
845 825 955 858 cum
981 809 1174 857 fodisset
1194 808 1329 873 quasi
1349 808 1399 854 in
1425 817 1607 873 septem
1624 807 1770 873 pedes
1783 843 1797 868 ‚

385 887 535 951 attigit
546 903 684 935 nares
700 888 801 952 ejus
820 888 942 935 odor
956 887 1175 934 immensi
1187 886 1429 948 aromatis,
1447 895 1493 932 et
1504 886 1569 933 ait
1584 902 1594 931 :
1611 905 1634 931 «
1647 884 1800 933 Credo

383 964 433 1010 in
455 964 660 1027 Christo,
680 965 814 1030 quod
835 965 1043 1013 ostendit
1059 965 1179 1012 mihi
1194 973 1453 1028 martyrem
1470 981 1627 1025 suum,
1648 979 1800 1028 quan-

381 1041 446 1087 do
472 1058 549 1088 me
570 1042 672 1090 haec
694 1043 897 1090 suavitas
922 1042 1251 1090 circumdedit.
1269 1061 1294 1087 n
1323 1044 1382 1088 Et
1399 1041 1602 1104 fodiens,
1626 1041 1802 1106 reperit

335 1163 337 1166 ,
379 1127 598 1166 sanctum
615 1136 791 1185 corpus
810 1119 1032 1180 illaesum;
1058 1129 1106 1167 et
1124 1120 1343 1167 emittens
1365 1135 1536 1166 vocem
1554 1135 1795 1182 magnam,

383 1195 549 1242 Gloria
571 1198 622 1243 in
642 1196 839 1244 excelsis·
865 1200 968 1243 Deo
1002 1213 1164 1243 secum
1193 1211 1391 1243 omnem
1418 1194 1600 1242 clerum
1621 1195 1799 1260 pariter

380 1273 577 1337 psallere
598 1273 724 1322 fecit.
753 1275 892 1322 Dicto
915 1291 1110 1339 quoque
1131 1273 1340 1339 hymno,
1374 1288 1549 1338 corpus
1581 1282 1799 1319 sanctum

376 1350 427 1397 in
450 1350 696 1400 basilicam
717 1352 976 1414 transtulit,
1002 1362 1050 1399 et
1076 1369 1188 1399 cum
1212 1350 1359 1398 laude
1381 1349 1542 1398 debita
1563 1344 1794 1414 sepelivit.

376 1432 551 1477 Ferunt
580 1429 761 1478 ibidem
784 1441 830 1478 et
851 1431 1096 1477 Victorem
1125 1439 1385 1492 martyrem
1409 1445 1510 1476 esse
1532 1427 1793 1493 sepultum,

373 1507 457 1554 sed
476 1524 576 1554 non
597 1524 710 1555 eum
732 1507 892 1555 adhuc
913 1507 1230 1570 cognovimus
1251 1507 1531 1554 revelatum.

921 1647 1079 1683 CAPUT
1106 1647 1238 1683 LXIV.

873 1724 926 1757 De
939 1724 1103 1758 Patroclo
1119 1732 1289 1770 martyre.

439 1792 681 1839 Patroclus
700 1808 894 1857 quoque
913 1802 1110 1857 martyr,
1132 1793 1215 1857 qui
1235 1791 1365 1857 apud
1387 1789 1558 1839 urbem
1575 1791 1793 1840 Tricassi-

370 1885 547 1916 norum
571 1869 781 1935 sepultus
802 1870 1024 1932 habetur,
1047 1871 1217 1935 saepius
1236 1887 1285 1918 se
1304 1870 1515 1917 amicum
1536 1871 1624 1917 Dei
1644 1871 1791 1918 virtu-

371 1945 500 1995 tibus
522 1937 683 1994 multis
706 1948 953 1995 ostendit².
989 1950 1104 1995 Erat
1133 1948 1263 1995 enim
1297 1964 1440 2012 super
1472 1964 1584 1995 eum
1619 1965 1792 2013 parvu-

371 2023 474 2071 lum
495 2026 775 2088 oratorium,
797 2026 848 2072 in
868 2042 966 2090 quo
976 2042 1103 2072 unus
1121 2035 1310 2072 tantum
1328 2024 1525 2073 clericus
1538 2024 1787 2073 serviebat.

372 2103 486 2150 Loci
510 2104 639 2151 enim
660 2103 882 2151 homines
899 2119 1104 2169 parvum
1125 2101 1417 2151 exhibebant
1434 2103 1627 2168 martyri
1640 2103 1790 2151 famu-

372 2180 539 2244 latum,
570 2198 658 2247 pro
684 2198 743 2229 eo
767 2180 902 2246 quod
926 2181 1126 2229 historia
1148 2181 1380 2246 passionis
1398 2181 1499 2244 ej'us
1520 2197 1621 2228 non
1642 2180 1789 2228 habe-

374 2270 504 2307 retur
525 2262 575 2307 in
597 2271 840 2326 promptu.
869 2263 973 2307 Mos
1007 2276 1216 2323 namque
1253 2270 1354 2307 erat
1377 2260 1630 2306 hominum
1650 2260 1789 2307 rusti-

373 2353 559 2399 corum,
606 2348 660 2385 ut
701 2347 890 2386 sanctos
932 2337 1037 2398 Dei,
1082 2353 1290 2400 quorum
1333 2352 1508 2400 agones
1547 2337 1783 2400 relegunt,

374 2416 596 2462 attentius
635 2425 938 2463 venerentur.
987 2414 1194 2471 Quidam
1231 2414 1390 2477 igitur,
1429 2414 1489 2461 de
1522 2413 1786 2479 longinquo

377 2493 544 2540 itinere
584 2494 796 2555 veniens,
840 2492 1055 2539 libellum
1096 2491 1239 2555 hujus
1284 2493 1553 2540 certaminis
1589 2493 1782 2552 detulit;

376 2569 541 2616 lectori
571 2587 715 2634 quem
752 2571 804 2616 in
843 2570 948 2634 ipso
985 2569 1094 2615 loco
1127 2569 1301 2615 servire
1337 2569 1541 2616 diximus
1573 2569 1786 2635 prodidit

375 2646 437 2695 ad
478 2647 750 2710 legendum.
794 2646 878 2693 llle
916 2662 1056 2708 vero,
1101 2655 1209 2711 post
1245 2645 1495 2695 decursam
1530 2647 1782 2694 lectionem

424 2829 479 2876 (1)
496 2828 571 2864 An.
594 2827 672 2864 259
691 2833 758 2863 aut
776 2826 871 2871 ⁶273,
893 2825 939 2862 21
959 2823 1040 2871 jan.
1061 2825 1145 2872 (R.)
