2002 3418
400 327 477 364 122
807 327 870 366 DE
902 327 1090 366 GLORIA
1121 329 1416 367 MARTYRUM.

397 416 504 464 liter
514 415 596 464 hic
612 417 705 465 alia
719 416 1016 466 exhibeatur.
1031 437 1055 463 »
1078 418 1227 480 Illico,
1249 419 1431 466 cunctis
1443 420 1668 483 attonitis,
1691 421 1819 470 trabs

398 495 546 543 crevit
578 495 629 543 in
662 505 796 543 tanto
839 497 992 561 spatio
1038 495 1351 559 longitudinis
1384 505 1437 542 ut
1470 513 1658 545 necesse
1700 509 1821 546 esset

398 566 584 638 partem
635 590 859 638 magnam
908 575 1071 622 incidi.
1119 578 1190 621 De
1231 590 1327 639 qua
1368 574 1599 624 industria
1631 577 1784 642 plebis
1802 615 1816 639 ‚

397 649 632 700 beneficia
662 652 861 718 perdere
895 652 1027 700 nefas
1058 662 1231 718 putans
1248 690 1261 715 ‚
1301 653 1500 700 credens
1535 670 1644 701 eam
1673 671 1821 716 manu

398 731 618 794 martyris
647 740 823 778 tactam
850 747 906 778 ac
931 731 1289 796 prolongatam,
1311 741 1496 797 partem
1527 748 1632 796 quae
1658 749 1820 799 super-

398 807 550 855 fuerat
571 808 805 856 frustatim
833 808 1117 874 decerpens,
1149 808 1356 857 diversas
1382 809 1678 859 infirmitates
1699 827 1820 876 saepe

399 885 642 934 submovit
658 889 688 933 ¹.

463 963 609 1020 Quod
629 966 914 1012 Fortunatus
937 965 1184 1029 presbyter
1209 965 1286 1014 his
1309 965 1524 1013 versibus
1544 975 1822 1031 prosecutus

399 1050 469 1087 est
491 1060 501 1087 :

488 1145 705 1198 Laurenti,
729 1145 884 1189 merito
908 1143 1089 1189 flammis
1108 1146 1304 1189 vitalibus
1326 1158 1434 1201 uste,

547 1213 635 1268 Qui
657 1213 847 1256 fervente
869 1213 954 1256 fide
977 1214 1114 1257 victor
1136 1214 1190 1256 ab
1214 1215 1312 1275 igne
1333 1215 1463 1271 redis,

489 1283 603 1325 Dum
624 1283 704 1325 tibi
724 1282 883 1342 templa
900 1295 1062 1327 novant
1081 1284 1268 1327 breviori
1289 1285 1446 1328 robore
1467 1284 1613 1344 plebes

547 1353 865 1411 Creveruntque
888 1353 1045 1407 trabes,
1071 1353 1202 1395 crevit
1223 1363 1266 1396 et
1288 1352 1401 1395 alma
1422 1353 1542 1396 fides.

489 1422 638 1481 Stipite
661 1432 881 1465 contracto
906 1433 979 1465 tua
1001 1438 1045 1465 se
1063 1422 1261 1465 mercede
1281 1423 1478 1475 tetendit,

547 1491 767 1545 Quantum
789 1506 919 1551 parva
941 1492 1073 1551 prius,
1094 1503 1243 1551 postea
1265 1507 1369 1534 caesa
1393 1491 1497 1545 fuit3

489 1560 685 1602 Crescere
707 1560 801 1620 plus
823 1562 979 1603 meruit
1000 1562 1160 1603 succisa
1182 1560 1398 1603 securibus
1421 1561 1550 1603 arbor

548 1629 604 1671 Et
626 1628 777 1672 didicit
797 1630 907 1672 sicca
927 1630 1097 1690 longior
1118 1646 1208 1673 esse
1230 1645 1376 1681 coma,

489 1697 616 1741 Unde
637 1699 771 1742 recisa
794 1699 888 1742 fuit.
915 1699 1090 1759 Populis
1112 1699 1193 1742 fert
1212 1697 1313 1740 inde
1337 1697 1540 1752 salutem3

550 1766 593 1809 Si
614 1769 732 1810 venit
752 1768 1001 1828 intrepidus,
1026 1768 1188 1810 lumina
1209 1783 1343 1810 caecus
1363 1767 1510 1809 habet.

465 1863 615 1910 Multo
645 1865 805 1929 plures
831 1864 1003 1911 exinde
1034 1864 1218 1929 scripsit
1252 1863 1506 1911 versiculos
1518 1865 1550 1925 ²,
1585 1862 1706 1927 iquos
1735 1877 1824 1924 ego

401 1942 702 2005 praetermisi,
734 1942 823 1989 hos
856 1953 1043 1989 tantum
1065 1959 1155 2007 pro
1178 1942 1451 1989 testimonio
1473 1941 1573 1988 veri
1594 1938 1822 1987 scribens.

401 2020 512 2067 Aeta
545 2030 657 2067 sunt
679 2030 841 2068 autem
870 2020 972 2068 haec
1006 2020 1138 2086 apud
1166 2021 1404 2081 Brionas⁸‚
1431 2019 1574 2066 ltaliae
1597 2027 1821 2065 castrum.

401 2098 523 2144 Nam
543 2097 642 2144 vidi
660 2114 748 2161 ego
764 2098 1014 2145 hominem
1027 2135 1039 2159 ‚
1067 2098 1173 2162 qui,
1199 2098 1402 2161 graviter
1420 2096 1636 2144 dentium
1659 2094 1827 2150 dolore

455 2273 510 2322 (1)
535 2275 625 2312 Post
642 2287 780 2314 vocem
795 2275 998 2324 submovit,
1018 2275 1059 2314 in
1080 2288 1153 2316 ms.
1174 2276 1279 2313 2204
1296 2276 1350 2324 (Ρ)
1370 2276 1419 2313 19
1438 2286 1495 2322 v⁰‚
1516 2274 1592 2314 col.
1614 2275 1669 2323 1),
1688 2285 1824 2312 occur-

401 2334 451 2373 rit
468 2345 561 2375 nota
578 2337 766 2376 tironiana
785 2352 870 2390 quae
886 2338 1026 2391 legitur
1043 2354 1051 2377 :
1074 2356 1091 2372 «
1114 2339 1328 2375 Terminari
1339 2341 1487 2375 solitum
1508 2345 1576 2377 est.
1602 2353 1621 2371 n
1642 2335 1825 2374 Eamdem

402 2398 653 2438 monitionem
672 2413 718 2438 ac
737 2414 853 2453 supra
871 2414 960 2453 pag.
984 2402 1077 2448 116,
1094 2413 1136 2439 n.
1153 2402 1193 2448 1,
1211 2409 1302 2438 nota
1324 2400 1396 2438 ista
1412 2399 1565 2437 videtur
1583 2397 1824 2444 denuntiare,

402 2474 453 2500 ne
472 2463 655 2501 versiculi
673 2463 852 2516 legantur
870 2464 912 2502 in
930 2471 1126 2502 conventu
1147 2476 1216 2502 seu
1233 2463 1443 2501 refectione
1462 2461 1756 2500 monachorum.

458 2522 511 2577 (2)
541 2528 607 2564 Est
632 2540 788 2566 carmen
813 2528 888 2574 14,
919 2524 987 2566 lib.
1021 2528 1102 2574 IX,
1136 2525 1241 2577 quod
1272 2525 1407 2578 viginti
1435 2525 1532 2563 duos
1561 2523 1827 2577 complectitur

402 2598 550 2627 versus.
568 2591 648 2639 (R.)
1557 2594 1565 2600 ”

456 2652 511 2698 (3)
531 2654 730 2703 Regionem
753 2656 931 2691 Brionum
953 2660 1139 2690 memorat
1170 2652 1310 2689 Paulus
1339 2651 1449 2690 Diac.
1467 2681 1477 2700 ‚
1512 2650 1579 2689 lib.
1615 2652 1681 2689 IV.
1722 2650 1821 2687 Hist.

405 2713 579 2765 Langob.
607 2727 694 2767 cap.
716 2729 771 2754 xv.
798 2718 856 2753 De
875 2714 1008 2753 eadem
1028 2714 1095 2752 lib.
1118 2717 1177 2762 ΙΙ,
1197 2727 1282 2766 cap.
1305 2727 1396 2762 xm,
1420 2713 1518 2752 sicut
1536 2722 1574 2751 et
1595 2715 1825 2751 Fortunatus

402 2774 446 2813 in
469 2776 630 2828 epistola
647 2777 696 2815 ad
714 2786 887 2815 nostrum
909 2777 1150 2829 Gregorium.
1177 2781 1342 2817 Breones
1362 2777 1404 2815 in
1430 2776 1612 2814 comitatu
1641 2773 1826 2812 Tirolensi

407 2840 583 2878 nonnulli
611 2841 753 2878 locant.
787 2843 896 2877 Brios
924 2854 1042 2891 prope
1074 2843 1266 2878 Vercellas
1292 2839 1410 2879 habet
1432 2838 1610 2877 Ortelius.
1637 2835 1728 2888 (R.)
