2002 3418
356 301 434 339 250
761 302 829 339 DE
854 301 1042 340 GLORIA
1071 303 1366 342 MARTmUM.

355 388 551 438 ecclesia
578 389 722 454 hujus
751 389 901 438 sancti
931 388 1171 438 habentur
1196 391 1404 456 reliquiae
1429 409 1440 439 ε
1472 408 1578 456 quae
1602 408 1713 441 cum
1739 409 1767 443 a

355 468 539 517 furibus
563 469 729 518 ablatae
759 469 978 530 fuissent,
1004 479 1052 517 et
1077 470 1177 535 ipse
1200 470 1283 534 qui
1304 470 1495 519 easdem
1516 471 1770 520 abstulerat

356 547 407 595 in
435 548 641 613 Biturigo
669 547 861 595 cuidam
888 547 1052 595 abbati
1081 558 1278 614 accepto
1308 548 1462 613 pretio
1490 549 1766 612 reliquisset,

356 625 616 674 revelatum
639 635 708 675 est
726 625 888 674 abbati
912 635 965 672 ut
985 641 1064 673 eas
1088 626 1197 674 loco
1220 625 1350 673 unde
1374 625 1565 674 dimotae
1587 626 1772 675 fuerant

357 712 653 751 restauraret.
686 703 1004 751 Nihilominus
1033 713 1080 751 et
1100 703 1508 769 archipresbytero
1530 704 1645 752 huic
1667 721 1772 752 mo-

357 781 562 829 nasterio
599 781 873 846 propinquo
904 798 990 847 per
1017 782 1172 829 visum
1195 781 1547 830 manifestatum
1581 791 1673 843 est,
1711 797 1773 828 ne

356 859 545 923 penitus
571 875 732 907 moras
758 860 1020 908 innecteret
1048 860 1110 909 ad
1139 861 1498 909 restituendum.
1534 864 1664 919 Quas
1696 876 1774 908 ac-

358 946 519 1002 ceptas
538 952 650 984 cum
664 936 914 1001 psallendo
933 937 1152 1001 deferret,
1177 939 1328 986 homo
1350 939 1564 1003 quidam,
1590 939 1673 1003 qui
1690 954 1776 1004 per

358 1031 540 1063 annum
549 1015 787 1078 integrum
799 1032 1051 1081 oppressus
1065 1018 1194 1080 gravi
1203 1018 1478 1082 aegritudine
1487 1016 1771 1078 decubabat,

358 1092 482 1139 inter
503 1107 701 1139 suorum
721 1092 997 1157 deportatus
1014 1109 1202 1156 manus,
1229 1104 1284 1141 ut
1303 1095 1462 1142 velum
1487 1111 1585 1159 quo
1604 1103 1775 1142 sanctae

358 1169 639 1233 tegebantur
667 1171 834 1218 favillae
871 1170 1078 1219 adorans
1110 1172 1383 1237 suppliciter
1410 1173 1647 1220 osculatus
1679 1181 1774 1232 est,

360 1263 473 1294 mox
511 1263 782 1313 compressa
817 1247 1092 1296 infirmitate
1127 1258 1318 1296 sanatus
1334 1285 1347 1310 ,
1387 1249 1618 1313 exsequiis
1654 1263 1778 1296 mar·

360 1324 607 1389 tyrialibus
629 1343 741 1373 cum
768 1319 967 1392 reliquis¹
990 1336 1060 1374 est
1086 1337 1290 1374 secutus.

937 1467 1093 1503 CAPUT
1118 1467 1214 1504 XCI.

894 1561 947 1595 De
965 1568 1084 1595 sancta
1099 1559 1248 1595 Eulalia.

430 1645 611 1693 Eulalia
636 1645 857 1708 gloriosa,
878 1644 1008 1709 apud
1026 1645 1282 1691 Emeritam
1300 1642 1470 1690 urbem
1486 1644 1660 1708 passa¹‚
1686 1659 1783 1691 ma-

364 1738 512 1787 gnum
547 1723 831 1770 miraculum
876 1723 927 1769 in
964 1722 1041 1769 die
1079 1721 1420 1769 immolationis
1463 1736 1557 1767 suae
1594 1720 1784 1786 populis

364 1799 560 1864 profert.
586 1802 706 1847 Sunt
729 1800 871 1864 igitur
893 1808 1003 1846 ante
1025 1799 1124 1863 ejus
1143 1800 1307 1860 altare,
1331 1814 1430 1862 quo
1452 1807 1614 1845 sancta
1634 1814 1783 1844 mem-

363 1876 452 1926 bra
473 1887 713 1941 teguntur,
746 1887 839 1924 tres
861 1877 1079 1938 arbores,
1106 1876 1189 1924 sed
1211 1877 1402 1939 ignarus
1425 1890 1514 1938 ego
1537 1874 1672 1938 cujus
1692 1875 1786 1922 sint

366 1956 549 2019 generis
584 1973 595 2002 ε
617 1971 822 2018 cumque
851 1954 952 2018 jam
973 1953 1134 2001 medio
1162 1969 1325 2000 mense
1351 1951 1558 2012 decimo,
1589 1950 1784 2015 quando

366 2033 467 2097 ejus
495 2033 651 2098 passio
676 2031 960 2093 celebratur,
993 2031 1087 2078 sint
1115 2030 1176 2079 ab
1200 2029 1334 2078 omni
1361 2028 1587 2076 foliorum
1614 2028 1787 2075 decore

367 2110 573 2170 nudatae,
598 2126 654 2157 ea
672 2109 766 2170 die,
783 2102 1084 2158 illucescente
1106 2108 1246 2170 coelo,
1266 2108 1317 2154 in
1330 2105 1532 2154 modum
1553 2104 1787 2155 columbae

368 2187 490 2253 alitis
517 2188 658 2235 flores
682 2188 930 2253 proferunt
950 2186 1205 2247 suavitatis,
1237 2185 1414 2232 scilicet
1443 2182 1576 2247 quod
1599 2192 1788 2230 sanctus

368 2266 469 2330 ejus
495 2266 685 2332 spiritus
712 2267 762 2313 in
783 2264 1018 2313 columbae
1041 2264 1196 2329 specie
1220 2261 1536 2328 penetraverit
1555 2260 1718 2322 coelos,
1742 2269 1789 2308 et

369 2344 502 2408 quod
537 2343 733 2392 beatum
760 2344 860 2408 ejus
888 2342 1242 2408 corpusculum,
1271 2341 1372 2405 jam
1405 2340 1621 2387 exanime
1653 2333 1789 2387 Vesti-

369 2420 556 2486 busque
590 2423 849 2483 nudatum,
887 2421 969 2468 nix
1005 2420 1188 2467 coelitus
1217 2418 1422 2466 decidua
1450 2417 1584 2464 molli
1619 2416 1789 2464 vellere

372 2500 678 2547 contexisset.
705 2499 850 2558 Quod
877 2497 1161 2546 miraculum
1191 2497 1230 2544 si
1252 2496 1389 2544 solita
1410 2495 1605 2543 arbores
1624 2503 1788 2559 protu-

370 2577 511 2624 lerint
531 2578 765 2637 libertate,
793 2578 879 2625 scit
910 2576 1118 2642 populus
1145 2573 1236 2623 sibi
1261 2591 1445 2623 annum
1466 2574 1541 2621 vel
1561 2573 1789 2639 pressuris

373 2671 596 2715 vacuum,
626 2656 703 2704 vel
734 2653 946 2718 frugibus
967 2653 1181 2719 plenum.
1209 2651 1354 2712 Quod
1383 2652 1422 2700 si
1449 2651 1628 2699 tardius
1649 2649 1789 2696 flores

430 2808 484 2856 (1)
502 2808 579 2846 An.
603 2809 694 2855 304,
719 2809 767 2847 10
785 2805 869 2846 dec.
900 2805 977 2859 (R.)
