2002 3418
310 335 384 371 198
705 334 771 370 DE
799 333 981 371 GLORIA
1012 334 1310 370 MARTYRUM.

309 433 557 489 properat,
601 439 701 471 non
737 424 965 471 orationis
1006 422 1260 470 devotione
1274 459 1287 484 ,
1323 422 1406 470 sed
1442 432 1628 470 tantum
1666 434 1718 471 ut

309 502 488 565 aliquid
525 501 763 549 fraudaret
798 500 859 549 ab
891 501 991 548 aede
1026 519 1036 546 ε
1071 501 1152 564 qui
1187 500 1379 561 scilicet,
1412 499 1495 547 ubi
1516 511 1719 549 reserata

309 580 429 628 ostia
473 596 530 628 ac
561 596 767 627 vacuum
803 579 1033 644 templum
1072 594 1100 625 a
1132 577 1408 626 custodibus
1445 578 1689 643 reperisset
1705 615 1718 639 ,

307 657 484 723 pallam
515 657 832 705 holosericam
847 694 859 718 ,
893 672 1106 720 auroque
1134 666 1410 704 exornatam
1431 666 1479 703 et
1507 657 1720 719 gemmis,

309 752 414 799 quae
439 745 656 783 sanctum
677 733 864 798 tegebat
885 734 1171 800 sepulcrum,
1198 735 1446 781 temerario
1468 750 1587 781 ausu
1610 733 1725 781 diri-

311 814 432 879 puit,
458 829 714 876 secumque
734 812 934 859 sustulit.
957 813 1164 859 Veniens
1184 822 1345 860 autem
1366 811 1428 859 ad
1449 822 1617 873 castra,
1640 811 1727 859 fuit

313 890 356 937 ei
376 890 626 937 necessitas
645 889 917 952 navigandi.
935 891 1150 953 Cumque
1169 907 1287 955 puer
1308 890 1426 953 ejus,
1451 906 1597 954 quem
1613 899 1728 936 tunc

313 967 547 1015 creditum
560 966 788 1028 habebat,
805 969 1042 1032 suspensis
1056 967 1118 1014 ad
1136 968 1314 1014 collum
1329 967 1544 1015 ducentis
1556 968 1727 1029 aureis,

315 1061 487 1092 navem
509 1059 621 1091 cum
637 1043 811 1091 eodem
831 1044 1135 1105 ascendisset,
1160 1044 1334 1104 subito,
1356 1061 1385 1092 a
1402 1038 1535 1092 nullo
1554 1054 1728 1105 tactus,

315 1122 375 1169 de
399 1121 510 1168 navi
534 1120 690 1167 deruit
704 1158 717 1182 ,
747 1137 1093 1186 oppressusque
1116 1122 1275 1184 aquis,
1303 1139 1550 1186 nunquam
1578 1122 1734 1187 potuit

314 1198 533 1245 inveniri.
570 1198 652 1245 llle
676 1214 869 1263 quoque
896 1198 1130 1262 judicium
1151 1198 1239 1244 Dei
1268 1199 1319 1244 in
1345 1215 1394 1246 se
1422 1215 1621 1246 cernens
1650 1215 1736 1263 per

315 1277 451 1342 pueri
474 1278 779 1325 amissionem
808 1288 855 1325 et
882 1278 1003 1339 auri,
1029 1277 1253 1324 velociter
1271 1277 1417 1324 littori
1450 1276 1510 1324 de
1532 1293 1630 1341 quo
1661 1276 1737 1323 di-

318 1371 500 1418 gressus
530 1354 703 1416 suerat,
735 1355 960 1402 remeavit
975 1392 987 1416 ,
1016 1354 1286 1420 pallamque
1316 1354 1519 1419 sepulcri
1553 1369 1740 1401 summa

319 1432 567 1479 velocitate
596 1432 813 1479 restituit.
838 1435 896 1478 Et
912 1432 1022 1479 licet
1039 1431 1134 1478 hoc
1156 1431 1338 1493 fecerit,
1359 1441 1520 1479 tamen
1542 1431 1670 1478 diem
1688 1432 1736 1478 in

321 1526 419 1574 quo
443 1509 546 1556 haec
570 1509 840 1571 admiserat,
865 1519 1135 1556 recurrente
1157 1511 1272 1557 anni
1293 1509 1490 1570 circulo,
1515 1525 1617 1556 non
1640 1509 1741 1556 atti-

323 1588 404 1650 git.
432 1587 559 1634 Alius
578 1597 738 1634 autem
756 1603 897 1652 super
916 1587 1186 1652 sepulcrum
1205 1597 1422 1634 sanctum
1441 1586 1622 1633 calcare
1641 1603 1740 1633 non

322 1674 564 1725 metuens,
591 1663 709 1711 dum
738 1664 1033 1711 columbam¹
1056 1680 1250 1711 auream
1280 1664 1446 1711 lancea
1467 1663 1632 1728 quaerit
1663 1663 1743 1710 eli-

324 1741 453 1803 dere,
479 1742 742 1807 elapsisque
764 1741 968 1807 pedibus
989 1741 1051 1789 ab
1076 1751 1277 1805 utraque
1298 1751 1447 1806 parte,
1473 1740 1585 1805 quia
1608 1741 1744 1788 turri-

323 1821 422 1868 tus'
443 1830 544 1868 erat
567 1821 778 1868 tumulus
794 1856 808 1879 ,
833 1820 1115 1885 compressis
1143 1820 1366 1867 testiculis
1380 1854 1392 1875 ,
1416 1820 1583 1867 lancea
1605 1819 1656 1865 in
1678 1818 1745 1865 la-

324 1907 424 1945 tere
462 1897 640 1958 defixa,
681 1898 911 1944 exanimis
948 1907 1018 1944 est
1055 1898 1290 1944 inventus.
1310 1915 1314 1920 ·
1331 1897 1384 1944 ld
1419 1913 1519 1943 non
1550 1895 1742 1942 fortuito

326 1975 595 2038 contigisse,
623 1974 707 2022 sed
726 1974 909 2038 judicio
933 1975 1021 2021 Dei
1044 1984 1245 2037 gestum,
1272 1973 1429 2020 nullus
1451 1972 1675 2036 ambigat.

377 2169 388 2211 ί
393 2168 431 2214 1)
450 2169 510 2204 De
531 2164 719 2214 ejusmodi
742 2164 930 2203 columbis
956 2164 1006 2202 ad
1031 2164 1206 2216 sepulcra
1232 2163 1410 2215 appensis
1427 2163 1517 2201 vide
1536 2162 1718 2201 Mabillon
1732 2191 1742 2209 ‚

325 2230 374 2268 de
390 2228 561 2280 Liturgia
586 2227 722 2267 Gallie.
751 2226 820 2266 lib.
842 2229 877 2275 I,
903 2240 990 2279 cap.
1011 2240 1068 2274 1x,
1096 2226 1163 2265 ubi
1181 2234 1218 2264 et
1235 2226 1284 2264 de
1303 2224 1489 2264 columbis
1515 2224 1690 2264 altarium
1708 2233 1747 2263 et

326 2291 639 2344 baptisteriorum
656 2290 868 2331 disseritur.
890 2293 970 2339 (R.)

381 2355 436 2402 (2)
453 2353 499 2391 Id
524 2361 583 2392 est
609 2353 651 2392 in
677 2353 837 2392 modum
861 2350 1071 2406 pyramidis
1094 2349 1356 2398 acuminatus,
1393 2362 1474 2388 non
1501 2350 1607 2402 quod
1633 2330 1747 2389 tun-is

325 2414 462 2467 ingens
489 2428 660 2468 unquam
679 2428 796 2468 supra
823 2415 1041 2467 sepulcrum
1061 2422 1188 2452 erecta
1206 2413 1332 2452 suerit.
1354 2413 1448 2451 Vide
1465 2413 1588 2451 Vales.
1610 2412 1649 2451 in
1669 2415 1747 2451 De-

327 2475 501 2516 fensione
516 2477 699 2517 adversus
715 2476 947 2524 Launoium,
968 2484 1078 2528 parte
1095 2477 1129 2523 1,
1149 2488 1236 2527 cap.
1256 2475 1327 2514 ult.
1349 2477 1427 2524 (R.)
