2002 3418
408 384 458 420 64
809 385 874 421 DE
906 384 1094 422 GLORIA
1121 386 1401 424 MARTYRUM
1410 415 1419 424 .

404 488 489 536 per
512 471 754 535 detegatur
783 472 845 520 ad
865 473 1287 538 contemplandum
1307 511 1317 534 ,
1345 490 1457 520 mox
1482 475 1686 523 demisso
1713 477 1818 524 velo

405 550 669 613 contegitur
683 587 695 611 ,
725 566 784 597 ne
803 549 988 598 detecta
1011 561 1246 598 cernatur.

949 687 1105 726 CAPUT
1129 689 1265 726 XXIV.

707 777 848 825 Insigne
862 777 1073 815 miraculum
1090 778 1135 815 de
1150 780 1306 815 fontibus
1322 778 1512 827 Hispaniae.

468 868 548 912 Est
563 875 611 913 et
625 866 743 913 illud
760 867 936 915 illustre
959 869 1242 917 miraculum
1258 870 1317 918 de
1337 869 1546 918 fontibus
1565 869 1815 935 Hispaniae,

400 959 521 1007 quos
544 944 781 992 Lusitania
804 946 1050 1009 provincia
1073 946 1268 1011 profert.
1307 948 1491 995 Piscina
1516 963 1721 1012 namque
1749 957 1819 995 est

399 1020 529 1084 apud
545 1022 672 1067 Osen
692 1037 916 1086 campum
938 1023 1196 1087 antiquitus
1215 1025 1413 1090 sculpta,
1436 1035 1483 1072 et
1500 1041 1557 1072 ex
1579 1040 1817 1071 marmore

398 1097 548 1156 vario,
580 1098 630 1143 in
652 1097 853 1145 modum
882 1100 1057 1161 crucis,
1092 1102 1215 1148 miro
1247 1104 1510 1167 composita
1532 1118 1691 1167 opere.
1724 1101 1816 1149 Sed

398 1184 444 1221 et
479 1174 602 1221 aedes
637 1191 819 1239 magnae
861 1177 1082 1224 claritatis
1121 1194 1177 1225 ac
1223 1179 1511 1227 celsitudinis
1551 1179 1752 1243 desuper
1789 1195 1817 1226 a

398 1250 673 1299 Christianis
695 1263 967 1301 constructa
989 1263 1073 1300 est.
1110 1256 1255 1318 Igitur
1278 1273 1390 1304 cum
1418 1257 1519 1304 dies
1546 1272 1676 1303 sacer
1710 1266 1817 1320 post

397 1328 628 1376 circulum
657 1332 772 1377 anni
810 1330 1081 1379 decedentis
1115 1332 1386 1396 advenerit,
1429 1349 1526 1398 quo
1559 1333 1812 1394 Dominus,

396 1407 596 1454 confuso
607 1408 869 1472 proditore,
887 1410 1134 1473 mysticam
1143 1410 1384 1476 discipulis
1398 1410 1599 1476 praebuit
1608 1425 1812 1471 coenam,

395 1486 690 1533 conveniunt
713 1488 762 1533 in
794 1488 957 1534 locum
981 1488 1117 1535 illum
1145 1506 1255 1536 cum
1282 1488 1509 1554 pontifice
1540 1488 1665 1535 cives
1681 1525 1693 1549 ,
1715 1487 1816 1551 jam

396 1561 597 1611 odorem
618 1565 737 1612 sacri
767 1566 1115 1630 praesentientes
1142 1568 1382 1614 aromatis.
1416 1569 1547 1613 Tunc
1572 1565 1683 1612 data
1709 1581 1815 1612 ora-

394 1642 525 1688 tione
557 1658 586 1690 a
620 1642 864 1691 sacerdote
881 1681 893 1705 ,
937 1644 1055 1699 ostia
1082 1644 1246 1709 templi
1272 1644 1443 1708 jubent
1473 1644 1612 1691 simul
1639 1643 1815 1690 muniri

394 1719 668 1782 signaculis,
697 1720 956 1768 adventum
978 1722 1162 1769 virtutis
1190 1722 1442 1770 dominicae
1474 1720 1810 1785 praestolantes

394 1796 481 1842 Die
510 1806 669 1844 autem
707 1798 845 1845 tertia
863 1835 876 1860 ,
912 1798 1044 1861 quod
1074 1808 1142 1846 est
1175 1798 1386 1860 sabbati,
1420 1795 1815 1844 convenientibus

393 1872 456 1920 ad
489 1872 830 1939 baptizandum
862 1875 1079 1940 populis,
1125 1876 1381 1923 adveniens
1417 1875 1668 1940 episcopus
1701 1889 1814 1920 cum

393 1949 576 1998 civibus
601 1952 694 1998 suis
710 1989 722 2013 ,
747 1952 970 2017 inspectis
991 1954 1243 2016 signaculis
1259 1990 1272 2015 ‚
1300 1954 1420 2000 ostia
1440 1961 1615 2000 reserat
1634 1951 1808 1998 clausa.

393 2029 459 2074 Ac
478 2028 654 2075 mirum
685 2028 815 2076 dictu
833 2066 845 2090 ‚
879 2030 1110 2094 piscinam
1131 2046 1276 2093 quam
1304 2030 1594 2094 reliquerant
1611 2043 1813 2076 vacuam

393 2106 636 2169 reperiunt
664 2105 856 2170 plenam
871 2143 883 2167 ,
916 2116 964 2153 et
990 2107 1056 2153 ita
1089 2107 1282 2153 cumulo
1312 2106 1478 2153 altiore
1505 2104 1725 2152 refertam
1760 2113 1814 2150 ut

392 2182 512 2229 solet
554 2199 695 2248 super
738 2199 824 2230 ora
866 2183 1142 2230 modiorum
1180 2184 1388 2231 triticum
1433 2182 1702 2246 aggregari,
1747 2182 1813 2227 vi-

393 2259 599 2323 deasque
626 2260 722 2307 huc
749 2261 955 2325 illucque
984 2262 1144 2309 latices
1176 2261 1405 2308 fluctuare
1433 2276 1522 2307 nec
1546 2268 1730 2324 partem
1760 2259 1810 2304 in

393 2336 627 2385 diversam
658 2338 866 2385 defluere
881 2375 891 2384 .
930 2341 1061 2385 Tunc
1098 2355 1208 2384 cum
1244 2338 1506 2384 exorcismo
1548 2334 1811 2384 sanctifica-

393 2423 494 2461 tum
511 2453 523 2477 ,
573 2433 882 2481 conspersum
929 2415 1132 2481 desuper
1170 2415 1376 2463 chrisma
1391 2453 1404 2476 ,
1449 2414 1605 2462 omnis
1654 2430 1810 2479 popu-

391 2491 464 2537 lus
495 2509 584 2557 pro
620 2494 873 2541 devotione
905 2493 1094 2554 haurit,
1128 2503 1176 2540 et
1216 2509 1298 2540 vas
1329 2493 1527 2557 plenum
1556 2491 1690 2538 domi
1719 2506 1809 2556 pro

390 2568 648 2618 salvatione
683 2580 920 2636 reportat,
965 2587 1103 2634 agros
1137 2571 1395 2634 vineasque
1433 2569 1703 2635 aspersione
1740 2583 1810 2615 sa-

390 2645 647 2696 luberrima
682 2658 933 2696 tutaturus.
967 2651 1026 2694 Et
1066 2665 1177 2695 cum
1211 2647 1382 2695 exinde
1420 2646 1675 2694 multitudo
1711 2661 1809 2692 am-

389 2723 653 2788 phorarum
685 2726 786 2773 sine
814 2726 1014 2773 collecto
1038 2742 1239 2772 numero
1261 2725 1508 2773 hauriatur
1521 2762 1534 2787 ,
1559 2738 1806 2786 nunquam

389 2810 548 2849 tamen
578 2803 652 2850 vel
685 2803 930 2851 cumulum
955 2803 1127 2850 minuit
1155 2821 1165 2850 z
1192 2803 1301 2850 licet
1331 2802 1414 2851 ubi
1446 2801 1600 2849 infans
1626 2801 1807 2866 primus

390 2878 613 2927 intinctus
652 2880 790 2928 fuerit
809 2918 821 2942 ,
861 2898 972 2929 mox
1012 2897 1136 2944 aqua
1172 2880 1439 2943 reducitur,
1476 2889 1523 2927 et
1558 2877 1805 2943 baptizatis
