2002 3418
378 330 454 367 274
774 332 840 368 DE
869 331 1055 369 GLORIA
1082 331 1377 369 MARTYRUM.

955 460 1109 494 CAPUT
1135 460 1194 496 CI.

697 554 749 587 De
763 553 891 600 insigni
906 561 940 588 et
956 553 1109 600 glorioso
1126 562 1277 600 martyre
1291 552 1459 600 Georgio.
1504 543 1507 548 s

437 636 604 683 Multa¹
627 636 687 684 de
717 637 923 700 Georgio
948 648 1152 701 martyre
1183 637 1411 684 miracula
1445 645 1571 699 gesta
1601 653 1779 700 cogno-

370 713 550 760 vimus²
567 713 628 761 de
649 713 822 778 quibus
850 731 1003 779 pauca
1033 715 1276 761 locuturus
1311 731 1433 762 sum.
1468 713 1619 777 Hujus
1652 714 1780 763 enim

368 790 575 854 reliquiae
619 808 730 838 cum
771 792 1064 856 reliquorum
1107 801 1377 839 sanctorum
1428 807 1457 838 a
1495 789 1780 854 quibusdam

366 867 653 915 ferebantur.
679 868 790 929 Sed,
817 885 929 915 cum
950 861 1202 934 portitores
1233 869 1294 916 ad
1329 869 1491 915 locum
1522 868 1779 932 quemdam

366 946 654 992 Lemovicini
674 947 865 993 termini
885 946 1198 1006 advenissent,
1219 946 1304 994 ubi
1322 946 1421 1010 jam
1442 946 1581 1012 pauci
1600 946 1774 1009 clerici,

367 1031 586 1069 conserto
615 1022 780 1086 ligneis
811 1022 985 1070 tabulis
1015 1025 1225 1071 oratorio
1245 1061 1258 1084 ,
1292 1024 1555 1070 Dominum
1590 1022 1776 1070 assidue

363 1099 698 1163 precabantur,
732 1101 1031 1148 mansionem
1061 1101 1332 1166 postulant;
1365 1101 1662 1166 susceptique
1692 1100 1776 1148 be-

362 1178 505 1241 nigne
537 1187 729 1226 noctem
757 1195 870 1226 cum
898 1179 1075 1226 caeteris
1111 1178 1329 1227 fratribus
1357 1179 1602 1244 psallendo
1626 1178 1777 1226 dedu-

361 1269 491 1306 cunt.
511 1262 650 1307 Mane
665 1269 825 1307 autem
846 1259 987 1322 facto,
1003 1260 1350 1324 apprehensam
1368 1259 1609 1324 capsulam
1622 1259 1776 1306 levare

358 1338 548 1402 penitus
571 1355 671 1386 non
702 1338 941 1387 valebant.
975 1339 1208 1402 Denique,
1235 1355 1348 1385 cum
1376 1338 1466 1385 iter
1501 1353 1638 1400 agere
1675 1337 1775 1384 sine

357 1416 558 1480 pignore
607 1426 773 1464 sancto
812 1417 1001 1482 penitus
1043 1408 1296 1481 nequirent
1341 1425 1388 1464 et
1439 1415 1507 1463 eis
1543 1415 1777 1462 maximus

358 1490 498 1537 dolor
526 1491 674 1538 animi
708 1491 981 1554 insedisset,
1017 1491 1315 1554 intelligunt,
1347 1490 1604 1555 inspirante
1640 1492 1742 1536 Deo
1757 1525 1771 1550 ,

360 1566 451 1614 sibi
474 1568 654 1632 aliquid
688 1586 743 1615 ex
768 1569 876 1616 his
864 1587 914 1615 1n
936 1569 1045 1615 loco
1066 1569 1332 1632 relinquere
1358 1577 1594 1632 oportere.
1623 1568 1770 1624 Tunc,

360 1644 592 1708 inquisitis
627 1646 838 1708 ligaturis
874 1645 1127 1707 divisisque
1162 1644 1436 1708 particulis,
1478 1642 1652 1690 seniori
1690 1642 1773 1705 qui

354 1721 533 1768 cellulae
550 1732 749 1786 praeerat
776 1722 1057 1784 largiuntur,
1075 1721 1392 1784 relinquentes
1411 1729 1593 1784 partem
1610 1729 1771 1784 patro-

354 1800 465 1846 cinii
489 1837 502 1860 ,
540 1810 779 1848 sumentes
823 1800 1093 1848 facultatem
1125 1815 1223 1864 quo
1259 1799 1507 1846 voluerant
1540 1796 1766 1844 abeundi.

350 1876 597 1924 Habentur
629 1878 771 1925 etiam
803 1877 902 1941 ejus
931 1877 1139 1940 reliquiae
1174 1877 1224 1923 in
1251 1876 1356 1923 vico
1383 1874 1596 1938 quodam
1623 1876 1771 1921 Ceno—

351 1956 584 2016 manensi,
607 1955 691 2002 ubi
709 1955 860 2002 multa
882 1955 1162 2020 plerumque
1188 1953 1416 2001 miracula
1430 1951 1762 2000 ostenduntur.

353 2035 472 2079 Nam
510 2033 621 2080 caeci
639 2070 652 2095 ,
689 2032 884 2094 claudi,
922 2031 1208 2095 -frigoritici,
1242 2031 1316 2078 vel
1355 2030 1523 2095 reliqui
1563 2029 1764 2091 infirmi,

353 2112 522 2176 saepius
542 2111 610 2159 ibi
632 2113 886 2160 sanitatum
905 2112 1053 2175 gratia
1078 2120 1406 2158 munerantur.

404 2330 459 2378 (1)
495 2329 628 2367 Varios
657 2328 846 2367 cruciatus
884 2340 981 2379 quos
1015 2325 1169 2378 pertulit
1199 2333 1330 2363 narrat
1353 2326 1596 2373 Fortunatus,
1619 2323 1688 2364 lib.
1709 2327 1761 2373 11,

353 2406 471 2433 carm.
484 2409 572 2435 xm.
585 2394 782 2435 Celebrem
801 2394 882 2443 ejus
900 2392 1122 2432 memoriam
1141 2390 1255 2429 fuisse
1272 2390 1313 2429 in
1332 2391 1487 2429 Oriente
1504 2399 1543 2429 et
1558 2390 1764 2430 Occidente

350 2460 516 2510 probant
545 2462 761 2514 complures
788 2459 952 2499 basilicae
979 2459 1020 2496 in
1050 2458 1131 2506 ejus
1160 2457 1347 2496 honorem
1370 2456 1451 2505 jam
1485 2457 1623 2495 saeeulo
1654 2464 1762 2495 sexto

350 2532 592 2571 constructae,
612 2533 650 2562 et
668 2524 840 2575 plerique
857 2522 963 2559 istius
981 2520 1051 2558 aevi
1072 2528 1261 2566 auctoreS‚
1285 2519 1334 2557 de
1350 2518 1489 2570 quibus
1512 2519 1595 2557 fuse
1611 2519 1762 2557 Bollan-

349 2584 450 2622 diani
470 2586 519 2623 ad
538 2587 639 2625 diem
658 2588 707 2624 23
726 2585 869 2637 aprilis.
890 2586 975 2633 (R.)

405 2651 457 2695 (Ξ)
480 2652 554 2687 An.
576 2650 653 2687 284
668 2678 679 2695 ‚
700 2650 750 2686 23
766 2647 878 2699 april.
897 2649 982 2695 (R.)
