<?xml version="1.0" encoding="UTF-8"?>
<!DOCTYPE html PUBLIC "-//W3C//DTD XHTML 1.0 Transitional//EN"
    "http://www.w3.org/TR/xhtml1/DTD/xhtml1-transitional.dtd">
<html xmlns="http://www.w3.org/1999/xhtml" xml:lang="en" lang="en">
 <head>
  <title>
</title>
<meta http-equiv="Content-Type" content="text/html;charset=utf-8" />
  <meta name='ocr-system' content='tesseract 3.04.00' />
  <meta name='ocr-capabilities' content='ocr_page ocr_carea ocr_par ocr_line ocrx_word'/>
</head>
<body>
  <div class='ocr_page' id='page_1' title='image "./leslivresdesmira01greguoft_0180.png"; bbox 0 0 2002 3418; ppageno 0'>
   <div class='ocr_carea' id='block_1_1' title="bbox 369 341 1382 381">
    <p class='ocr_par' dir='ltr' id='par_1_1' title="bbox 369 341 1382 381">
     <span class='ocr_line' id='line_1_1' title="bbox 369 341 1382 381; baseline -0.002 -2"><span class='ocrx_word' id='word_1_1' title='bbox 369 343 446 381; x_wconf 72' lang='lat'><strong>124</strong></span> <span class='ocrx_word' id='word_1_2' title='bbox 772 342 838 378; x_wconf 88' lang='lat' dir='ltr'><strong>DE</strong></span> <span class='ocrx_word' id='word_1_3' title='bbox 870 341 1058 379; x_wconf 83' lang='lat' dir='ltr'><strong>GLORIA</strong></span> <span class='ocrx_word' id='word_1_4' title='bbox 1088 341 1382 378; x_wconf 75' lang='lat' dir='ltr'>MARTYRUM,</span> 
     </span>
    </p>
   </div>
   <div class='ocr_carea' id='block_1_2' title="bbox 366 429 1798 1126">
    <p class='ocr_par' dir='ltr' id='par_1_2' title="bbox 366 429 1798 1126">
     <span class='ocr_line' id='line_1_2' title="bbox 367 429 1784 497; baseline 0 -18"><span class='ocrx_word' id='word_1_5' title='bbox 367 431 608 493; x_wconf 90' lang='lat' dir='ltr'><strong>laborans,</strong></span> <span class='ocrx_word' id='word_1_6' title='bbox 637 441 829 497; x_wconf 90' lang='lat' dir='ltr'><strong>accepta</strong></span> <span class='ocrx_word' id='word_1_7' title='bbox 851 431 911 478; x_wconf 95' lang='lat' dir='ltr'><strong>de</strong></span> <span class='ocrx_word' id='word_1_8' title='bbox 932 431 1029 478; x_wconf 93' lang='lat' dir='ltr'><strong>hoc</strong></span> <span class='ocrx_word' id='word_1_9' title='bbox 1049 430 1180 492; x_wconf 88' lang='lat' dir='ltr'><strong>ligno</strong></span> <span class='ocrx_word' id='word_1_10' title='bbox 1213 445 1241 476; x_wconf 92' lang='lat' dir='ltr'><strong>a</strong></span> <span class='ocrx_word' id='word_1_11' title='bbox 1263 429 1506 476; x_wconf 85' lang='lat' dir='ltr'><strong>sacerdote</strong></span> <span class='ocrx_word' id='word_1_12' title='bbox 1530 431 1784 495; x_wconf 82' lang='lat' dir='ltr'><strong>particula,</strong></span> 
     </span>
     <span class='ocr_line' id='line_1_3' title="bbox 367 507 1788 571; baseline 0 -15"><span class='ocrx_word' id='word_1_13' title='bbox 367 509 522 556; x_wconf 88' lang='lat' dir='ltr'><strong>statim</strong></span> <span class='ocrx_word' id='word_1_14' title='bbox 551 519 604 555; x_wconf 91' lang='lat' dir='ltr'><strong>ut</strong></span> <span class='ocrx_word' id='word_1_15' title='bbox 628 509 821 556; x_wconf 84' lang='lat' dir='ltr'>dentem</span> <span class='ocrx_word' id='word_1_16' title='bbox 849 509 1021 571; x_wconf 86' lang='lat' dir='ltr'><strong>attigit,</strong></span> <span class='ocrx_word' id='word_1_17' title='bbox 1057 507 1223 554; x_wconf 90' lang='lat' dir='ltr'><strong>dolore</strong></span> <span class='ocrx_word' id='word_1_18' title='bbox 1252 507 1472 571; x_wconf 89' lang='lat' dir='ltr'><strong>protinus</strong></span> <span class='ocrx_word' id='word_1_19' title='bbox 1494 508 1660 555; x_wconf 84' lang='lat' dir='ltr'><strong>caruit.</strong></span> <span class='ocrx_word' id='word_1_20' title='bbox 1695 509 1788 556; x_wconf 88' lang='lat' dir='ltr'><strong>Sed</strong></span> 
     </span>
     <span class='ocr_line' id='line_1_4' title="bbox 367 585 1790 652; baseline -0.001 -17"><span class='ocrx_word' id='word_1_21' title='bbox 367 605 455 635; x_wconf 93' lang='lat' dir='ltr'><strong>nec</strong></span> <span class='ocrx_word' id='word_1_22' title='bbox 476 588 594 635; x_wconf 90' lang='lat' dir='ltr'><strong>illud</strong></span> <span class='ocrx_word' id='word_1_23' title='bbox 616 588 852 635; x_wconf 89' lang='lat' dir='ltr'><strong>silendum</strong></span> <span class='ocrx_word' id='word_1_24' title='bbox 882 587 1044 652; x_wconf 88' lang='lat' dir='ltr'><strong>putavi</strong></span> <span class='ocrx_word' id='word_1_25' title='bbox 1072 585 1206 650; x_wconf 92' lang='lat' dir='ltr'><strong>quod</strong></span> <span class='ocrx_word' id='word_1_26' title='bbox 1237 585 1444 648; x_wconf 85' lang='lat' dir='ltr'><strong>reliquiae</strong></span> <span class='ocrx_word' id='word_1_27' title='bbox 1473 586 1600 649; x_wconf 89' lang='lat' dir='ltr'><strong>ejus,</strong></span> <span class='ocrx_word' id='word_1_28' title='bbox 1632 586 1694 634; x_wconf 89' lang='lat' dir='ltr'><strong>ab</strong></span> <span class='ocrx_word' id='word_1_29' title='bbox 1718 588 1790 633; x_wconf 92' lang='lat' dir='ltr'><strong>in-</strong></span> 
     </span>
     <span class='ocr_line' id='line_1_5' title="bbox 368 663 1789 730; baseline -0.001 -17"><span class='ocrx_word' id='word_1_30' title='bbox 368 666 539 713; x_wconf 90' lang='lat' dir='ltr'><strong>cendio</strong></span> <span class='ocrx_word' id='word_1_31' title='bbox 557 666 824 713; x_wconf 82' lang='lat' dir='ltr'><strong>hostilitatis</strong></span> <span class='ocrx_word' id='word_1_32' title='bbox 844 675 1032 730; x_wconf 75' lang='lat' dir='ltr'><strong>ereptae,</strong></span> <span class='ocrx_word' id='word_1_33' title='bbox 1055 681 1084 712; x_wconf 93' lang='lat' dir='ltr'><strong>a</strong></span> <span class='ocrx_word' id='word_1_34' title='bbox 1102 663 1314 727; x_wconf 91' lang='lat' dir='ltr'><strong>quodam</strong></span> <span class='ocrx_word' id='word_1_35' title='bbox 1338 663 1534 710; x_wconf 92' lang='lat' dir='ltr'><strong>homine</strong></span> <span class='ocrx_word' id='word_1_36' title='bbox 1554 664 1603 710; x_wconf 93' lang='lat' dir='ltr'><strong>in</strong></span> <span class='ocrx_word' id='word_1_37' title='bbox 1624 666 1789 711; x_wconf 89' lang='lat' dir='ltr'><strong>Lemo—</strong></span> 
     </span>
     <span class='ocr_line' id='line_1_6' title="bbox 366 740 1790 805; baseline -0.003 -15"><span class='ocrx_word' id='word_1_38' title='bbox 366 743 578 790; x_wconf 87' lang='lat' dir='ltr'><strong>vicinum</strong></span> <span class='ocrx_word' id='word_1_39' title='bbox 593 743 758 791; x_wconf 89' lang='lat' dir='ltr'><strong>delatae</strong></span> <span class='ocrx_word' id='word_1_40' title='bbox 775 752 900 789; x_wconf 89' lang='lat' dir='ltr'><strong>sunt.</strong></span> <span class='ocrx_word' id='word_1_41' title='bbox 923 743 1144 800; x_wconf 89' lang='lat' dir='ltr'><strong>Quicum</strong></span> <span class='ocrx_word' id='word_1_42' title='bbox 1162 741 1328 805; x_wconf 86' lang='lat' dir='ltr'><strong>saepius</strong></span> <span class='ocrx_word' id='word_1_43' title='bbox 1346 740 1685 787; x_wconf 87' lang='lat' dir='ltr'><strong>admoneretur</strong></span> <span class='ocrx_word' id='word_1_44' title='bbox 1702 757 1790 805; x_wconf 90' lang='lat' dir='ltr'><strong>per</strong></span> 
     </span>
     <span class='ocr_line' id='line_1_7' title="bbox 367 817 1798 881; baseline -0.002 -13"><span class='ocrx_word' id='word_1_45' title='bbox 367 822 523 868; x_wconf 85' lang='lat' dir='ltr'><strong>visum</strong></span> <span class='ocrx_word' id='word_1_46' title='bbox 555 831 610 868; x_wconf 90' lang='lat' dir='ltr'><strong>ut</strong></span> <span class='ocrx_word' id='word_1_47' title='bbox 645 820 839 868; x_wconf 90' lang='lat' dir='ltr'><strong>easdem</strong></span> <span class='ocrx_word' id='word_1_48' title='bbox 871 819 1040 867; x_wconf 86' lang='lat' dir='ltr'><strong>Aredio</strong></span> <span class='ocrx_word' id='word_1_49' title='bbox 1057 820 1069 843; x_wconf 86' lang='lat'><strong>¹</strong></span> <span class='ocrx_word' id='word_1_50' title='bbox 1105 818 1268 865; x_wconf 89' lang='lat' dir='ltr'><strong>abbati</strong></span> <span class='ocrx_word' id='word_1_51' title='bbox 1307 817 1536 878; x_wconf 80' lang='lat' dir='ltr'><strong>deferret,</strong></span> <span class='ocrx_word' id='word_1_52' title='bbox 1565 834 1656 865; x_wconf 92' lang='lat' dir='ltr'><strong>nec</strong></span> <span class='ocrx_word' id='word_1_53' title='bbox 1687 818 1798 881; x_wconf 78' lang='lat' dir='ltr'><strong>jus-&#39;</strong></span> 
     </span>
     <span class='ocr_line' id='line_1_8' title="bbox 367 895 1791 963; baseline -0.001 -17"><span class='ocrx_word' id='word_1_54' title='bbox 367 899 551 946; x_wconf 92' lang='lat' dir='ltr'><strong>sionem</strong></span> <span class='ocrx_word' id='word_1_55' title='bbox 578 899 823 963; x_wconf 87' lang='lat' dir='ltr'><strong>impleret,</strong></span> <span class='ocrx_word' id='word_1_56' title='bbox 863 898 963 962; x_wconf 90' lang='lat' dir='ltr'><strong>ipse</strong></span> <span class='ocrx_word' id='word_1_57' title='bbox 995 913 1107 944; x_wconf 90' lang='lat' dir='ltr'><strong>cum</strong></span> <span class='ocrx_word' id='word_1_58' title='bbox 1139 897 1343 960; x_wconf 87' lang='lat' dir='ltr'><strong>conjuge</strong></span> <span class='ocrx_word' id='word_1_59' title='bbox 1376 906 1423 942; x_wconf 92' lang='lat' dir='ltr'><strong>et</strong></span> <span class='ocrx_word' id='word_1_60' title='bbox 1453 897 1588 943; x_wconf 92' lang='lat' dir='ltr'><strong>omni</strong></span> <span class='ocrx_word' id='word_1_61' title='bbox 1616 895 1791 944; x_wconf 80' lang='lat' dir='ltr'><strong>familia</strong></span> 
     </span>
     <span class='ocr_line' id='line_1_9' title="bbox 367 974 1791 1040; baseline -0.003 -16"><span class='ocrx_word' id='word_1_62' title='bbox 367 987 594 1040; x_wconf 84' lang='lat' dir='ltr'><strong>aegrotare</strong></span> <span class='ocrx_word' id='word_1_63' title='bbox 630 977 792 1040; x_wconf 90' lang='lat' dir='ltr'><strong>coepit.</strong></span> <span class='ocrx_word' id='word_1_64' title='bbox 825 979 957 1021; x_wconf 92' lang='lat' dir='ltr'><strong>Tunc</strong></span> <span class='ocrx_word' id='word_1_65' title='bbox 988 975 1262 1022; x_wconf 82' lang='lat' dir='ltr'><strong>necessitate</strong></span> <span class='ocrx_word' id='word_1_66' title='bbox 1296 974 1592 1038; x_wconf 86' lang='lat' dir='ltr'><strong>compulsus,</strong></span> <span class='ocrx_word' id='word_1_67' title='bbox 1629 983 1682 1020; x_wconf 90' lang='lat' dir='ltr'><strong>ut</strong></span> <span class='ocrx_word' id='word_1_68' title='bbox 1713 991 1791 1021; x_wconf 88' lang='lat' dir='ltr'><strong>eas</strong></span> 
     </span>
     <span class='ocr_line' id='line_1_10' title="bbox 368 1050 1725 1126; baseline -0.001 -28"><span class='ocrx_word' id='word_1_69' title='bbox 368 1053 472 1126; x_wconf 54' lang='lat' dir='ltr'><strong>vigo</strong></span> <span class='ocrx_word' id='word_1_70' title='bbox 491 1061 657 1100; x_wconf 90' lang='lat' dir='ltr'><strong>sancto</strong></span> <span class='ocrx_word' id='word_1_71' title='bbox 678 1051 869 1111; x_wconf 89' lang='lat' dir='ltr'><strong>detulit,</strong></span> <span class='ocrx_word' id='word_1_72' title='bbox 891 1067 1004 1097; x_wconf 79' lang='lat' dir='ltr'><strong>mox</strong></span> <span class='ocrx_word' id='word_1_73' title='bbox 1023 1050 1211 1097; x_wconf 90' lang='lat' dir='ltr'><strong>sanitati</strong></span> <span class='ocrx_word' id='word_1_74' title='bbox 1230 1052 1468 1098; x_wconf 90' lang='lat' dir='ltr'><strong>restitutus</strong></span> <span class='ocrx_word' id='word_1_75' title='bbox 1486 1050 1725 1098; x_wconf 88' lang='lat' dir='ltr'><strong>abscessit.</strong></span> 
     </span>
    </p>
   </div>
   <div class='ocr_carea' id='block_1_3' title="bbox 863 1190 1302 1324">
    <p class='ocr_par' dir='ltr' id='par_1_3' title="bbox 863 1190 1302 1324">
     <span class='ocr_line' id='line_1_11' title="bbox 916 1190 1240 1227; baseline -0.006 0"><span class='ocrx_word' id='word_1_76' title='bbox 916 1190 1072 1227; x_wconf 91' lang='lat' dir='ltr'><strong>CAPUT</strong></span> <span class='ocrx_word' id='word_1_77' title='bbox 1104 1190 1240 1226; x_wconf 90' lang='lat' dir='ltr'><strong>XLIII.</strong></span> 
     </span>
     <span class='ocr_line' id='line_1_12' title="bbox 863 1276 1302 1324; baseline -0.002 -14"><span class='ocrx_word' id='word_1_78' title='bbox 863 1277 916 1310; x_wconf 89' lang='lat' dir='ltr'><strong>De</strong></span> <span class='ocrx_word' id='word_1_79' title='bbox 940 1276 1106 1311; x_wconf 87' lang='lat' dir='ltr'><strong>Cassiano</strong></span> <span class='ocrx_word' id='word_1_80' title='bbox 1135 1283 1302 1324; x_wconf 81' lang='lat' dir='ltr'><strong>martyre.</strong></span> 
     </span>
    </p>
   </div>
   <div class='ocr_carea' id='block_1_4' title="bbox 369 1359 1800 2187">
    <p class='ocr_par' dir='ltr' id='par_1_4' title="bbox 369 1359 1800 2187">
     <span class='ocr_line' id='line_1_13' title="bbox 435 1359 1792 1426; baseline -0.001 -17"><span class='ocrx_word' id='word_1_81' title='bbox 435 1361 701 1422; x_wconf 90' lang='lat' dir='ltr'><strong>Cassianus,</strong></span> <span class='ocrx_word' id='word_1_82' title='bbox 729 1371 907 1426; x_wconf 87' lang='lat' dir='ltr'><strong>martyr</strong></span> <span class='ocrx_word' id='word_1_83' title='bbox 923 1362 1090 1422; x_wconf 86' lang='lat' dir='ltr'><strong>Italiae,</strong></span> <span class='ocrx_word' id='word_1_84' title='bbox 1109 1377 1372 1426; x_wconf 89' lang='lat' dir='ltr'><strong>puerorum</strong></span> <span class='ocrx_word' id='word_1_85' title='bbox 1388 1359 1665 1423; x_wconf 86' lang='lat' dir='ltr'><strong>magnificus</strong></span> <span class='ocrx_word' id='word_1_86' title='bbox 1677 1359 1792 1407; x_wconf 93' lang='lat' dir='ltr'><strong>doc-</strong></span> 
     </span>
     <span class='ocr_line' id='line_1_14' title="bbox 369 1439 1794 1504; baseline 0 -19"><span class='ocrx_word' id='word_1_87' title='bbox 369 1448 463 1500; x_wconf 85' lang='lat' dir='ltr'><strong>tor,</strong></span> <span class='ocrx_word' id='word_1_88' title='bbox 502 1439 784 1486; x_wconf 89' lang='lat' dir='ltr'><strong>adveniente</strong></span> <span class='ocrx_word' id='word_1_89' title='bbox 814 1440 1165 1504; x_wconf 89' lang='lat' dir='ltr'><strong>persecutione,</strong></span> <span class='ocrx_word' id='word_1_90' title='bbox 1203 1439 1293 1504; x_wconf 92' lang='lat' dir='ltr'><strong>ipsi</strong></span> <span class='ocrx_word' id='word_1_91' title='bbox 1323 1439 1495 1504; x_wconf 90' lang='lat' dir='ltr'><strong>puerili</strong></span> <span class='ocrx_word' id='word_1_92' title='bbox 1535 1455 1592 1486; x_wconf 94' lang='lat' dir='ltr'><strong>ac</strong></span> <span class='ocrx_word' id='word_1_93' title='bbox 1627 1449 1794 1485; x_wconf 87' lang='lat' dir='ltr'><strong>tenero</strong></span> 
     </span>
     <span class='ocr_line' id='line_1_15' title="bbox 371 1516 1794 1582; baseline -0.001 -18"><span class='ocrx_word' id='word_1_94' title='bbox 371 1518 499 1581; x_wconf 86' lang='lat' dir='ltr'><strong>gregi</strong></span> <span class='ocrx_word' id='word_1_95' title='bbox 533 1527 893 1582; x_wconf 85' lang='lat' dir='ltr'><strong>persecutorum</strong></span> <span class='ocrx_word' id='word_1_96' title='bbox 926 1517 1109 1581; x_wconf 91' lang='lat' dir='ltr'><strong>judicio</strong></span> <span class='ocrx_word' id='word_1_97' title='bbox 1141 1516 1357 1564; x_wconf 88' lang='lat' dir='ltr'><strong>traditur.</strong></span> <span class='ocrx_word' id='word_1_98' title='bbox 1398 1520 1453 1563; x_wconf 90' lang='lat' dir='ltr'><strong>At</strong></span> <span class='ocrx_word' id='word_1_99' title='bbox 1474 1517 1557 1577; x_wconf 88' lang='lat' dir='ltr'><strong>illi,</strong></span> <span class='ocrx_word' id='word_1_100' title='bbox 1584 1516 1794 1579; x_wconf 83' lang='lat' dir='ltr'><strong>magistri</strong></span> 
     </span>
     <span class='ocr_line' id='line_1_16' title="bbox 371 1594 1791 1660; baseline -0.001 -17"><span class='ocrx_word' id='word_1_101' title='bbox 371 1596 653 1659; x_wconf 85' lang='lat' dir='ltr'><strong>sanguinem</strong></span> <span class='ocrx_word' id='word_1_102' title='bbox 672 1596 878 1643; x_wconf 82' lang='lat' dir='ltr'><strong>sitientes</strong></span> <span class='ocrx_word' id='word_1_103' title='bbox 893 1633 906 1656; x_wconf 90' lang='lat'><strong>,</strong></span> <span class='ocrx_word' id='word_1_104' title='bbox 932 1604 1111 1642; x_wconf 87' lang='lat' dir='ltr'><strong>ceratas</strong></span> <span class='ocrx_word' id='word_1_105' title='bbox 1130 1596 1179 1641; x_wconf 92' lang='lat' dir='ltr'><strong>in</strong></span> <span class='ocrx_word' id='word_1_106' title='bbox 1198 1605 1343 1660; x_wconf 91' lang='lat' dir='ltr'><strong>caput</strong></span> <span class='ocrx_word' id='word_1_107' title='bbox 1359 1595 1550 1641; x_wconf 89' lang='lat' dir='ltr'><strong>illidunt</strong></span> <span class='ocrx_word' id='word_1_108' title='bbox 1571 1594 1791 1654; x_wconf 90' lang='lat' dir='ltr'><strong>tabellas,</strong></span> 
     </span>
     <span class='ocr_line' id='line_1_17' title="bbox 372 1672 1797 1737; baseline -0.002 -16"><span class='ocrx_word' id='word_1_109' title='bbox 372 1683 583 1721; x_wconf 88' lang='lat' dir='ltr'><strong>secantes</strong></span> <span class='ocrx_word' id='word_1_110' title='bbox 616 1672 946 1724; x_wconf 88' lang='lat' dir='ltr'><strong>latitudinibus</strong></span> <span class='ocrx_word' id='word_1_111' title='bbox 978 1673 1207 1737; x_wconf 84' lang='lat' dir='ltr'><strong>stylorum</strong></span> <span class='ocrx_word' id='word_1_112' title='bbox 1224 1709 1236 1733; x_wconf 87' lang='lat'><strong>,</strong></span> <span class='ocrx_word' id='word_1_113' title='bbox 1286 1673 1568 1737; x_wconf 92' lang='lat' dir='ltr'><strong>punctisque</strong></span> <span class='ocrx_word' id='word_1_114' title='bbox 1603 1673 1797 1719; x_wconf 88' lang='lat' dir='ltr'><strong>minutis</strong></span> 
     </span>
     <span class='ocr_line' id='line_1_18' title="bbox 372 1750 1797 1813; baseline -0.001 -16"><span class='ocrx_word' id='word_1_115' title='bbox 372 1750 806 1798; x_wconf 85' lang='lat' dir='ltr'><strong>transverberantes</strong></span> <span class='ocrx_word' id='word_1_116' title='bbox 832 1750 1047 1798; x_wconf 88' lang='lat' dir='ltr'><strong>membra</strong></span> <span class='ocrx_word' id='word_1_117' title='bbox 1071 1751 1302 1813; x_wconf 88' lang='lat' dir='ltr'><strong>magistri,</strong></span> <span class='ocrx_word' id='word_1_118' title='bbox 1330 1751 1528 1813; x_wconf 88' lang='lat' dir='ltr'><strong>dignum</strong></span> <span class='ocrx_word' id='word_1_119' title='bbox 1550 1753 1652 1796; x_wconf 92' lang='lat' dir='ltr'><strong>Deo</strong></span> <span class='ocrx_word' id='word_1_120' title='bbox 1675 1766 1797 1796; x_wconf 89' lang='lat' dir='ltr'><strong>mar-</strong></span> 
     </span>
     <span class='ocr_line' id='line_1_19' title="bbox 374 1827 1798 1891; baseline -0.001 -17"><span class='ocrx_word' id='word_1_121' title='bbox 374 1838 527 1891; x_wconf 82' lang='lat' dir='ltr'><strong>tyrem</strong></span> <span class='ocrx_word' id='word_1_122' title='bbox 560 1828 820 1875; x_wconf 79' lang='lat' dir='ltr'><strong>effecerunt</strong></span> <span class='ocrx_word' id='word_1_123' title='bbox 846 1847 855 1875; x_wconf 80' lang='lat'>2</span> <span class='ocrx_word' id='word_1_124' title='bbox 884 1829 932 1877; x_wconf 93' lang='lat' dir='ltr'><strong>in</strong></span> <span class='ocrx_word' id='word_1_125' title='bbox 971 1829 1105 1891; x_wconf 88' lang='lat' dir='ltr'><strong>cujus</strong></span> <span class='ocrx_word' id='word_1_126' title='bbox 1141 1828 1328 1875; x_wconf 87' lang='lat' dir='ltr'><strong>honore</strong></span> <span class='ocrx_word' id='word_1_127' title='bbox 1363 1827 1604 1890; x_wconf 90' lang='lat' dir='ltr'><strong>hodieque</strong></span> <span class='ocrx_word' id='word_1_128' title='bbox 1638 1837 1798 1873; x_wconf 89' lang='lat' dir='ltr'><strong>tantus</strong></span> 
     </span>
     <span class='ocr_line' id='line_1_20' title="bbox 375 1904 1798 1972; baseline -0.002 -19"><span class='ocrx_word' id='word_1_129' title='bbox 375 1907 518 1953; x_wconf 90' lang='lat' dir='ltr'><strong>timor</strong></span> <span class='ocrx_word' id='word_1_130' title='bbox 539 1906 744 1954; x_wconf 84' lang='lat' dir='ltr'><strong>habetur</strong></span> <span class='ocrx_word' id='word_1_131' title='bbox 765 1917 818 1953; x_wconf 89' lang='lat' dir='ltr'><strong>ut</strong></span> <span class='ocrx_word' id='word_1_132' title='bbox 842 1907 1000 1953; x_wconf 89' lang='lat' dir='ltr'><strong>nullus</strong></span> <span class='ocrx_word' id='word_1_133' title='bbox 1021 1907 1209 1972; x_wconf 90' lang='lat' dir='ltr'><strong>penitus</strong></span> <span class='ocrx_word' id='word_1_134' title='bbox 1229 1906 1290 1952; x_wconf 92' lang='lat' dir='ltr'><strong>de</strong></span> <span class='ocrx_word' id='word_1_135' title='bbox 1314 1906 1414 1969; x_wconf 90' lang='lat' dir='ltr'><strong>ejus</strong></span> <span class='ocrx_word' id='word_1_136' title='bbox 1447 1906 1589 1952; x_wconf 88' lang='lat' dir='ltr'><strong>rebus</strong></span> <span class='ocrx_word' id='word_1_137' title='bbox 1618 1904 1798 1968; x_wconf 88' lang='lat' dir='ltr'><strong>aliquid</strong></span> 
     </span>
     <span class='ocr_line' id='line_1_21' title="bbox 375 1982 1798 2047; baseline -0.001 -17"><span class='ocrx_word' id='word_1_138' title='bbox 375 1985 435 2031; x_wconf 90' lang='lat' dir='ltr'><strong>sit</strong></span> <span class='ocrx_word' id='word_1_139' title='bbox 455 2000 597 2032; x_wconf 89' lang='lat' dir='ltr'><strong>ausus</strong></span> <span class='ocrx_word' id='word_1_140' title='bbox 628 1985 872 2047; x_wconf 88' lang='lat' dir='ltr'><strong>attingere.</strong></span> <span class='ocrx_word' id='word_1_141' title='bbox 910 1984 1053 2041; x_wconf 90' lang='lat' dir='ltr'><strong>Quod</strong></span> <span class='ocrx_word' id='word_1_142' title='bbox 1077 1985 1115 2030; x_wconf 92' lang='lat' dir='ltr'><strong>si</strong></span> <span class='ocrx_word' id='word_1_143' title='bbox 1140 1984 1301 2030; x_wconf 81' lang='lat' dir='ltr'><strong>fecerit</strong></span> <span class='ocrx_word' id='word_1_144' title='bbox 1314 2021 1326 2044; x_wconf 93' lang='lat'><strong>,</strong></span> <span class='ocrx_word' id='word_1_145' title='bbox 1352 1992 1434 2030; x_wconf 90' lang='lat' dir='ltr'><strong>aut</strong></span> <span class='ocrx_word' id='word_1_146' title='bbox 1459 1982 1681 2047; x_wconf 87' lang='lat' dir='ltr'><strong>arripitur</strong></span> <span class='ocrx_word' id='word_1_147' title='bbox 1705 1982 1798 2028; x_wconf 86' lang='lat' dir='ltr'><strong>dae-</strong></span> 
     </span>
     <span class='ocr_line' id='line_1_22' title="bbox 376 2060 1800 2126; baseline -0.004 -17"><span class='ocrx_word' id='word_1_148' title='bbox 376 2062 561 2123; x_wconf 91' lang='lat' dir='ltr'><strong>monio,</strong></span> <span class='ocrx_word' id='word_1_149' title='bbox 587 2072 670 2109; x_wconf 89' lang='lat' dir='ltr'><strong>aut</strong></span> <span class='ocrx_word' id='word_1_150' title='bbox 696 2071 851 2109; x_wconf 89' lang='lat' dir='ltr'><strong>morte</strong></span> <span class='ocrx_word' id='word_1_151' title='bbox 874 2061 1123 2126; x_wconf 90' lang='lat' dir='ltr'><strong>repentina</strong></span> <span class='ocrx_word' id='word_1_152' title='bbox 1145 2060 1458 2108; x_wconf 90' lang='lat' dir='ltr'><strong>consumitur.</strong></span> <span class='ocrx_word' id='word_1_153' title='bbox 1495 2062 1602 2106; x_wconf 89' lang='lat' dir='ltr'><strong>Non</strong></span> <span class='ocrx_word' id='word_1_154' title='bbox 1639 2070 1800 2106; x_wconf 90' lang='lat' dir='ltr'><strong>tamen</strong></span> 
     </span>
     <span class='ocr_line' id='line_1_23' title="bbox 378 2139 1107 2187; baseline 0 -2"><span class='ocrx_word' id='word_1_155' title='bbox 378 2139 602 2186; x_wconf 88' lang='lat' dir='ltr'><strong>immunis</strong></span> <span class='ocrx_word' id='word_1_156' title='bbox 626 2139 686 2187; x_wconf 88' lang='lat' dir='ltr'><strong>ab</strong></span> <span class='ocrx_word' id='word_1_157' title='bbox 710 2139 891 2187; x_wconf 92' lang='lat' dir='ltr'><strong>ultione</strong></span> <span class='ocrx_word' id='word_1_158' title='bbox 914 2139 1107 2186; x_wconf 91' lang='lat' dir='ltr'><strong>recedit.</strong></span> 
     </span>
    </p>
   </div>
   <div class='ocr_carea' id='block_1_5' title="bbox 764 2271 1418 2409">
    <p class='ocr_par' dir='ltr' id='par_1_5' title="bbox 764 2271 1418 2409">
     <span class='ocr_line' id='line_1_24' title="bbox 930 2271 1250 2306; baseline -0.003 0"><span class='ocrx_word' id='word_1_159' title='bbox 930 2271 1088 2306; x_wconf 86' lang='lat' dir='ltr'><strong>CAPUT</strong></span> <span class='ocrx_word' id='word_1_160' title='bbox 1115 2271 1250 2306; x_wconf 87' lang='lat' dir='ltr'><strong>XLIV.</strong></span> 
     </span>
     <span class='ocr_line' id='line_1_25' title="bbox 764 2359 1418 2409; baseline -0.006 -12"><span class='ocrx_word' id='word_1_161' title='bbox 764 2363 816 2397; x_wconf 90' lang='lat' dir='ltr'><strong>De</strong></span> <span class='ocrx_word' id='word_1_162' title='bbox 834 2361 1000 2409; x_wconf 84' lang='lat' dir='ltr'><strong>Agricola</strong></span> <span class='ocrx_word' id='word_1_163' title='bbox 1017 2370 1050 2396; x_wconf 88' lang='lat' dir='ltr'><strong>et</strong></span> <span class='ocrx_word' id='word_1_164' title='bbox 1065 2360 1175 2395; x_wconf 87' lang='lat' dir='ltr'><strong>Vitali</strong></span> <span class='ocrx_word' id='word_1_165' title='bbox 1193 2359 1418 2408; x_wconf 76' lang='lat' dir='ltr'><strong>martyribus.</strong></span> 
     </span>
    </p>
   </div>
   <div class='ocr_carea' id='block_1_6' title="bbox 380 2443 1803 2668">
    <p class='ocr_par' dir='ltr' id='par_1_6' title="bbox 380 2443 1803 2668">
     <span class='ocr_line' id='line_1_26' title="bbox 445 2443 1800 2511; baseline -0.003 -18"><span class='ocrx_word' id='word_1_166' title='bbox 445 2448 658 2510; x_wconf 87' lang='lat' dir='ltr'><strong>Agricola</strong></span> <span class='ocrx_word' id='word_1_167' title='bbox 670 2457 717 2495; x_wconf 92' lang='lat' dir='ltr'><strong>et</strong></span> <span class='ocrx_word' id='word_1_168' title='bbox 728 2447 891 2494; x_wconf 89' lang='lat' dir='ltr'><strong>Vitalis</strong></span> <span class='ocrx_word' id='word_1_169' title='bbox 903 2445 1033 2511; x_wconf 92' lang='lat' dir='ltr'><strong>apud</strong></span> <span class='ocrx_word' id='word_1_170' title='bbox 1045 2445 1329 2505; x_wconf 85' lang='lat' dir='ltr'><strong>Bononiam,</strong></span> <span class='ocrx_word' id='word_1_171' title='bbox 1350 2443 1491 2491; x_wconf 82' lang='lat' dir='ltr'><strong>Italiae</strong></span> <span class='ocrx_word' id='word_1_172' title='bbox 1509 2443 1696 2504; x_wconf 90' lang='lat' dir='ltr'><strong>urbem,</strong></span> <span class='ocrx_word' id='word_1_173' title='bbox 1712 2459 1800 2508; x_wconf 90' lang='lat' dir='ltr'><strong>pro</strong></span> 
     </span>
     <span class='ocr_line' id='line_1_27' title="bbox 381 2521 1803 2586; baseline -0.003 -17"><span class='ocrx_word' id='word_1_174' title='bbox 381 2525 552 2571; x_wconf 89' lang='lat' dir='ltr'><strong>Christi</strong></span> <span class='ocrx_word' id='word_1_175' title='bbox 584 2526 778 2572; x_wconf 91' lang='lat' dir='ltr'><strong>nomine</strong></span> <span class='ocrx_word' id='word_1_176' title='bbox 809 2522 1020 2570; x_wconf 86' lang='lat' dir='ltr'><strong>crucifixi</strong></span> <span class='ocrx_word' id='word_1_177' title='bbox 1048 2525 1182 2569; x_wconf 86' lang='lat' dir='ltr'><strong>sunt²</strong></span> <span class='ocrx_word' id='word_1_178' title='bbox 1207 2540 1217 2568; x_wconf 92' lang='lat'>:</span> <span class='ocrx_word' id='word_1_179' title='bbox 1244 2538 1449 2585; x_wconf 89' lang='lat' dir='ltr'><strong>quorum</strong></span> <span class='ocrx_word' id='word_1_180' title='bbox 1475 2521 1689 2586; x_wconf 83' lang='lat' dir='ltr'><strong>sepulcra</strong></span> <span class='ocrx_word' id='word_1_181' title='bbox 1707 2556 1718 2576; x_wconf 93' lang='lat'>‚</span> <span class='ocrx_word' id='word_1_182' title='bbox 1749 2530 1803 2565; x_wconf 90' lang='lat' dir='ltr'><strong>ut</strong></span> 
     </span>
     <span class='ocr_line' id='line_1_28' title="bbox 380 2592 1802 2668; baseline -0.004 -18"><span class='ocrx_word' id='word_1_183' title='bbox 380 2619 467 2668; x_wconf 89' lang='lat' dir='ltr'><strong>per</strong></span> <span class='ocrx_word' id='word_1_184' title='bbox 497 2592 775 2651; x_wconf 70' lang='lat' dir='ltr'><strong>relationem</strong></span> <span class='ocrx_word' id='word_1_185' title='bbox 812 2602 1026 2650; x_wconf 85' lang='lat' dir='ltr'><strong>fidelium</strong></span> <span class='ocrx_word' id='word_1_186' title='bbox 1060 2601 1398 2664; x_wconf 87' lang='lat' dir='ltr'><strong>cognovimus,</strong></span> <span class='ocrx_word' id='word_1_187' title='bbox 1436 2600 1549 2663; x_wconf 89' lang='lat' dir='ltr'><strong>quia</strong></span> <span class='ocrx_word' id='word_1_188' title='bbox 1584 2598 1802 2646; x_wconf 89' lang='lat' dir='ltr'><strong>nondum</strong></span> 
     </span>
    </p>
   </div>
   <div class='ocr_carea' id='block_1_7' title="bbox 439 2782 1411 2898">
    <p class='ocr_par' dir='ltr' id='par_1_7' title="bbox 439 2782 1411 2898">
     <span class='ocr_line' id='line_1_29' title="bbox 439 2782 1090 2836; baseline 0 -15"><span class='ocrx_word' id='word_1_189' title='bbox 439 2782 494 2836; x_wconf 80' lang='lat'><strong>(1)</strong></span> <span class='ocrx_word' id='word_1_190' title='bbox 526 2786 685 2830; x_wconf 64' lang='lat' dir='ltr'><strong>Armis»,</strong></span> <span class='ocrx_word' id='word_1_191' title='bbox 707 2786 828 2833; x_wconf 75' lang='lat'><strong>2204,</strong></span> <span class='ocrx_word' id='word_1_192' title='bbox 849 2785 969 2830; x_wconf 71' lang='lat'><strong>2205,</strong></span> <span class='ocrx_word' id='word_1_193' title='bbox 997 2789 1090 2822; x_wconf 83' lang='lat' dir='ltr'><strong>etc.·</strong></span> 
     </span>
     <span class='ocr_line' id='line_1_30' title="bbox 441 2847 1411 2898; baseline 0 -12"><span class='ocrx_word' id='word_1_194' title='bbox 441 2849 496 2897; x_wconf 73' lang='lat'><strong>(2)</strong></span> <span class='ocrx_word' id='word_1_195' title='bbox 514 2850 628 2887; x_wconf 83' lang='lat' dir='ltr'><strong>Anno</strong></span> <span class='ocrx_word' id='word_1_196' title='bbox 643 2848 794 2887; x_wconf 88' lang='lat' dir='ltr'><strong>circiter</strong></span> <span class='ocrx_word' id='word_1_197' title='bbox 813 2850 906 2896; x_wconf 86' lang='lat'><strong>303,</strong></span> <span class='ocrx_word' id='word_1_198' title='bbox 928 2850 953 2887; x_wconf 75' lang='lat'>4</span> <span class='ocrx_word' id='word_1_199' title='bbox 971 2855 1038 2887; x_wconf 86' lang='lat' dir='ltr'><strong>aut</strong></span> <span class='ocrx_word' id='word_1_200' title='bbox 1052 2848 1107 2898; x_wconf 72' lang='lat'><strong>29</strong></span> <span class='ocrx_word' id='word_1_201' title='bbox 1126 2847 1309 2887; x_wconf 85' lang='lat' dir='ltr'><strong>novemb.</strong></span> <span class='ocrx_word' id='word_1_202' title='bbox 1330 2850 1411 2896; x_wconf 86' lang='lat' dir='ltr'><strong>(R.)</strong></span> 
     </span>
    </p>
   </div>
  </div>
 </body>
</html>
