2002 3418
413 380 463 416 82
811 381 876 416 DE
904 379 1086 417 GLORIA
1118 381 1400 417 MARTYRUM
1407 409 1415 417 .

414 469 508 516 hoc
522 468 807 534 sepulcrum,
830 469 903 517 vel
918 487 1003 535 per
1019 470 1125 517 loca
1146 469 1328 517 diversa
1343 471 1393 517 in
1409 469 1581 534 quibus
1597 470 1698 534 ejus
1714 471 1819 518 reli-

413 547 533 611 quiae
544 547 783 596 collocatae
794 558 919 610 sunt,
941 547 1153 595 feruntur
1166 558 1377 596 ostensae.
1394 551 1466 595 De
1481 548 1652 613 quibus
1666 565 1820 614 pauca

410 626 661 674 memorari
690 643 789 673 non
822 627 981 691 putavi
1017 625 1294 687 absurdum,
1329 627 1441 691 quia
1470 626 1716 675 aedificatio
1751 638 1820 676 est

410 704 622 752 Ecclesiae
641 704 789 767 gloria
806 714 1068 768 martyrum
1089 704 1330 768 virtusque
1352 714 1642 752 sanctorum.
1672 744 1675 747 ,

466 785 696 848 Tempore
728 798 848 846 quo,
886 782 1159 829 interfecto¹
1197 782 1516 830 Chlodomere
1538 799 1646 846 rege
1669 784 1816 830 Fran-

402 876 587 922 corum,
613 877 661 907 se
682 860 909 907 exercitus
931 876 1154 925 reparans
1171 860 1495 923 Burgundiam
1513 859 1788 908 devastabat
1801 897 1814 922 ,

401 938 450 984 in
484 938 691 1002 quadam
728 937 921 986 basilica
953 938 1160 1001 reliquiae
1185 938 1285 1001 jam
1318 938 1429 984 dicti
1467 926 1668 1003 apostoli
1704 955 1814 985 cum

402 1014 643 1061 Saturnini
674 1015 891 1079 martyris
911 1013 1223 1077 tenebantur.
1263 1017 1559 1079 Accensaque
1592 1014 1787 1062 basilica
1800 1052 1812 1075 ,

397 1106 509 1138 cum
524 1090 625 1153 jam
645 1091 887 1153 tignorum
908 1090 1059 1137 moles
1082 1082 1310 1153 dirueret,
1332 1102 1562 1156 pauperes
1581 1107 1637 1140 ac
1661 1108 1812 1153 senes,

398 1184 519 1231 quos
532 1167 777 1216 barbaries
789 1169 1056 1233 reliquerat,
1074 1167 1268 1231 flebant,
1285 1169 1492 1218 dicentes
1509 1189 1519 1217 :
1536 1191 1559 1215 «
1575 1174 1656 1218 Vae
1676 1169 1816 1218 nobis

392 1245 475 1309 qui
509 1255 756 1293 tantorum
792 1246 1049 1311 pignorum
1080 1245 1226 1293 hedie
1256 1263 1469 1295 caremus
1496 1248 1694 1308 auxili03
1726 1264 1815 1295 nec

395 1322 537 1371 nobis
562 1324 686 1371 ultra
704 1340 809 1389 spes
825 1324 1065 1389 praesentis
1082 1324 1187 1371 vitae
1205 1323 1417 1372 manebit
1431 1362 1444 1386 ,
1476 1326 1515 1372 si
1541 1325 1643 1373 haec
1673 1325 1815 1391 depe-

400 1401 580 1448 rierint.
598 1422 620 1445 »
634 1402 716 1448 His
726 1402 789 1449 ita
800 1400 1038 1463 flentibus,
1052 1411 1172 1448 nutu
1181 1402 1269 1448 Dei
1285 1402 1541 1450 adveniens
1553 1404 1816 1451 Turonicus

396 1477 570 1541 homo,
606 1479 869 1526 condolens
904 1479 979 1526 his
1010 1479 1253 1541 lamentis,
1292 1490 1338 1527 et
1372 1467 1556 1528 discens
1592 1480 1814 1529 virtutem

396 1566 660 1620 martyrum
677 1594 690 1618 ,
723 1574 820 1604 non
850 1557 1008 1603 minus
1042 1555 1135 1604 fide
1168 1573 1312 1620 quam
1331 1574 1512 1622 vparma
1543 1567 1809 1623 protectus,

390 1650 476 1699 per
510 1634 690 1682 medias
730 1634 991 1697 ingreditur
1027 1633 1267 1696 flammas,
1307 1635 1718 1701 apprehensasque
1749 1636 1811 1684 ab

395 1712 530 1759 altari
549 1722 734 1759 sanctas
752 1712 995 1776 reliquias,
1029 1711 1150 1758 nihil
1183 1711 1244 1759 ab
1274 1712 1382 1775 igne
1407 1713 1617 1774 nocitus,
1647 1714 1813 1761 extulit

393 1787 519 1838 foras
540 1809 550 1838 ι
571 1790 655 1837 sed
684 1790 915 1837 continuo
935 1790 999 1836 ita
1016 1788 1297 1845 vconstrictus
1324 1800 1414 1852 est,
1448 1801 1501 1838 ut
1529 1808 1738 1854 gressum
1759 1793 1809 1840 in

396 1879 536 1916 antea
565 1885 703 1932 agere
731 1885 831 1915 non
855 1868 1046 1915 valeret.
1083 1871 1213 1915 Tunc
1239 1869 1489 1932 indignum
1516 1886 1565 1916 se
1591 1869 1810 1933 judicans

397 1946 479 2010 qui
495 1962 574 1993 eas
589 1945 744 2007 ferret,
758 1961 907 1993 unam
923 1946 1131 2010 puellam
1152 1947 1399 2011 parvulam
1415 1947 1809 2012 impollutamque

395 2024 534 2087 elegit
550 2041 579 2072 a
596 2023 780 2089 praeda,
811 2023 889 2070 cui
916 2015 1157 2088 capsulam
1175 2022 1238 2071 ad
1255 2023 1433 2071 collum
1455 2025 1640 2088 posuit,
1671 2034 1718 2072 et
1741 2026 1808 2072 sic

395 2103 444 2148 in
464 2102 667 2167 patriam
687 2117 912 2168 prospere
938 2101 1145 2148 accessit.
1175 2104 1307 2148 Tunc
1334 2101 1575 2149 collocatis
1602 2102 1652 2148 in
1673 2102 1808 2150 altari

394 2180 742 2227 Novivicensis²
773 2179 995 2241 ecclesiae,
1038 2178 1123 2225 ubi
1170 2179 1300 2227 nulla
1342 2178 1500 2226 adhuc
1533 2190 1806 2228 sanctorum

390 2244 591 2323 pignora
610 2257 929 2318 habebantur,
949 2257 1085 2304 annis
1106 2257 1299 2319 singulis
1317 2257 1614 2304 devotissime
1636 2275 1805 2307 eorum

394 2336 623 2383 solemnia
641 2334 926 2383 celebrabat.
947 2334 1090 2397 Cujus
1107 2333 1230 2380 filius
1242 2371 1254 2394 ,
1285 2350 1395 2380 cum
1417 2334 1517 2380 haec
1537 2345 1645 2399 post
1660 2337 1805 2400 patris

393 2411 579 2459 obitum
613 2429 714 2459 non
746 2412 983 2477 impleret,
1022 2426 1051 2457 a
1087 2409 1215 2456 sebre
1247 2420 1478 2473 quartana
1506 2428 1592 2476 per
1621 2411 1803 2461 annum

389 2491 625 2554 integrum
641 2489 881 2550 laborans,
899 2487 1030 2535 vovit
1043 2498 1097 2534 ut
1112 2503 1290 2535 novam
1306 2487 1549 2536 basilicam
1567 2490 1618 2536 in
1634 2506 1802 2538 eorum

389 2568 627 2616 honorem
655 2577 967 2626 construeret3
997 2582 1095 2629 quo
1127 2565 1268 2627 facto,
1300 2576 1460 2614 amota
1490 2565 1636 2629 febre,
1665 2583 1799 2616 sana-

389 2655 464 2693 tus
486 2656 571 2693 est.
600 2646 693 2693 Sed
714 2662 803 2692 nec
820 2644 915 2691 hoc
932 2644 1032 2690 sine
1048 2643 1310 2691 Divinitatis
1325 2643 1625 2709 providentia
1639 2653 1798 2692 actum

438 2828 492 2874 (1)
520 2829 634 2863 Anno
655 2827 746 2864 524.
768 2824 877 2870 Vide,
900 2837 1029 2875 supra,
1049 2823 1193 2861 Histor.
1214 2822 1282 2862 lib.
1302 2825 1376 2870 ΠΙ,
1396 2836 1482 2875 cap.
1503 2837 1559 2862 vr.

435 2889 490 2936 (2)
511 2887 613 2926 Clar.
637 2900 673 2935 a,
697 2888 953 2925 Noviacensis.
975 2887 1357 2934 (R.)—N0‹›icensz·s‚
1379 2888 1497 2924 2791.
