2002 3418
374 345 423 382 76
780 344 847 381 DE
874 343 1063 382 GLORIA
1088 343 1389 383 MARTYRUM.

371 448 507 480 sacro
529 447 732 497 corpore
753 431 827 480 lac
849 431 1045 480 defluxit
1064 442 1112 480 et
1133 448 1272 496 aqua.
1309 434 1405 479 Nec
1437 432 1613 480 mirum
1643 434 1682 480 si
1715 433 1790 484 lac

370 510 470 574 ejus
489 510 698 559 manavit
714 527 772 557 ex
789 527 989 576 corpore
1006 548 1019 572 ,
1046 510 1127 576 qui
1152 520 1312 574 gentes
1330 510 1598 559 incredulas
1614 521 1662 560 et
1681 527 1790 578 par-

369 589 532 636 turivit
548 598 594 635 et
612 588 820 653 peperit,
846 604 901 635 ac
921 588 1042 635 lacte
1065 588 1260 653 spiritali
1285 587 1507 649 nutritas,
1533 588 1596 636 ad
1626 589 1790 638 cibum

369 666 578 713 solidum
606 666 955 731 Scripturarum
986 676 1257 714 sanctarum
1276 704 1289 728 ,
1327 682 1478 731 opaca
1504 668 1759 715 reserando
1773 706 1786 730 ,

368 744 606 808 perduxit.
645 746 716 790 De
748 743 883 807 cujus
916 743 1167 791 virtutibus
1196 744 1346 791 multa
1380 744 1572 808 quidem
1608 744 1790 792 audivi·

368 837 475 867 mus
503 842 512 868 :
541 820 625 867 sed
657 820 716 867 de
746 820 962 885 plurimis
985 838 1137 867 unum
1169 830 1354 868 tantum
1385 821 1669 868 miraculum
1693 831 1790 868 stu-

369 897 561 944 duimus
592 897 847 944 declarare.
871 899 1067 943 Factum
1091 907 1159 944 est
1178 907 1337 944 autem
1356 898 1406 943 in
1426 897 1638 961 quodam
1659 897 1786 960 loco,

367 985 421 1022 ut
440 975 591 1022 homo
617 975 844 1038 laqueum
866 974 956 1021 sibi
975 975 1038 1022 ad
1056 974 1432 1039 extorquendam
1453 975 1624 1036 vitam,
1658 975 1790 1022 insti-

368 1063 508 1116 gante
536 1052 751 1113 diabolo,
783 1061 1084 1117 praepararet.
1111 1054 1326 1116 Cumque
1358 1063 1591 1100 secretum
1612 1052 1791 1100 cellulae

367 1132 417 1178 in
453 1148 550 1195 qua
579 1131 681 1177 haec
706 1140 864 1193 ageret
893 1131 1141 1195 reperisset
1156 1167 1169 1192 ,
1204 1130 1369 1178 funem
1398 1131 1522 1179 trabi
1549 1131 1790 1179 transmis-

367 1226 474 1256 sum
487 1246 500 1270 ,
525 1209 752 1273 laqueum
771 1207 915 1272 coepit
937 1207 1178 1254 innectere
1193 1245 1206 1269 ,
1231 1224 1410 1255 nomen
1427 1219 1588 1256 tamen
1605 1225 1792 1274 semper

368 1285 501 1332 Pauli
525 1285 728 1351 apostoli
750 1282 1023 1346 invocabat,
1053 1284 1217 1331 dicens
1240 1302 1251 1330 :
1271 1306 1294 1329 ι(
1309 1284 1488 1348 Adjuva
1509 1301 1605 1346 me,
1631 1294 1792 1333 sancte

368 1362 528 1410 Paule.
558 1383 580 1405 »
609 1365 666 1409 Et
690 1378 799 1409 ecce
831 1360 1005 1409 umbra
1034 1361 1251 1425 squalida
1274 1371 1416 1427 atque
1447 1361 1632 1409 funesta
1648 1397 1661 1422 ,
1687 1377 1793 1426 quae

368 1440 487 1487 nihil
512 1441 670 1487 minus
693 1440 828 1487 vultu
853 1456 1000 1504 quam
1025 1439 1275 1487 diabolum
1295 1440 1552 1502 similabat,
1573 1440 1794 1506 apparuit

368 1517 437 1578 ei,
463 1517 663 1565 hortans
684 1533 741 1565 ac
765 1517 929 1564 dicens
955 1534 966 1562 z
1000 1537 1023 1560 α
1047 1517 1133 1564 Eia
1165 1533 1279 1580 age,
1307 1534 1369 1564 ne
1394 1512 1593 1565 moreris
1608 1554 1621 1579 ,
1657 1517 1792 1582 exple

367 1594 565 1642 celerius
587 1612 692 1660 quae
711 1595 910 1660 coepisti.
941 1614 965 1639 n
993 1596 1047 1641 At
1070 1595 1149 1642 ille
1173 1611 1285 1642 cum
1318 1612 1440 1661 opus
1477 1595 1599 1657 hoc,
1644 1595 1695 1642 id
1723 1605 1794 1643 est

367 1672 473 1719 vitae
508 1673 845 1736 extorquendae
860 1710 874 1734 ,
901 1682 1112 1738 pararet,
1137 1689 1324 1738 semper
1350 1672 1510 1720 aiebat
1532 1690 1543 1718 :
1571 1693 1594 1717 «
1617 1672 1792 1719 Beatis-

367 1749 484 1796 sime
506 1749 667 1811 Paule,
691 1760 791 1797 esto
808 1750 999 1814 adjutor
1018 1767 1169 1798 meus.
1191 1751 1445 1816 »Denique
1458 1750 1678 1816 expedito
1692 1750 1794 1814 Jam

366 1827 558 1892 laqueo,
588 1845 700 1875 cum
728 1829 1054 1876 vehementius
1077 1839 1323 1893 urgeretur
1341 1829 1404 1876 ab
1423 1827 1596 1876 umbra
1621 1838 1675 1876 ut
1693 1828 1792 1876 col-

366 1904 469 1952 lum
491 1906 779 1968 immitteret,
802 1906 961 1954 subito
979 1906 1131 1975 adfuit
1152 1907 1244 1955 alia
1261 1906 1437 1954 umbra
1460 1907 1574 1953 huic
1598 1906 1788 1966 similis;

368 1982 532 2030 dicens
551 1983 594 2030 ei
614 2000 719 2048 quae
738 2000 851 2031 cum
869 1984 1071 2032 homine
1087 1995 1189 2032 erat
1207 2002 1217 2030 ε
1236 1988 1418 2048 «Fuge,
1436 1985 1715 2045 miserrime,
1730 2001 1791 2031 en

369 2061 571 2108 Paulum
589 2062 860 2126 apostolum
880 2062 978 2109 huc
998 2062 1291 2121 venientem3
1315 2062 1564 2109 invocatus
1585 2062 1715 2108 enim
1729 2060 1792 2110 ab

367 2138 464 2186 hoc
477 2139 694 2201 homine,
711 2155 821 2186 ecce
835 2139 983 2187 adest.
999 2158 1022 2185 »
1037 2142 1172 2187 Tunc
1185 2139 1575 2188 evanescentibus
1587 2139 1790 2202 umbris,

368 2214 450 2263 hic
471 2215 534 2264 ad
557 2233 750 2263 sensum
779 2233 920 2264 suum
950 2232 1165 2264 reversus
1178 2253 1191 2278 ,
1218 2226 1264 2263 et
1287 2233 1478 2264 crucem
1498 2217 1684 2264 virtutis
1706 2216 1793 2263 do·

369 2293 556 2341 minicae
576 2293 758 2358 pectori
778 2294 966 2341 nutanti
993 2293 1252 2360 depingens
1265 2331 1278 2355 ,
1311 2294 1640 2359 poenitentiam
1662 2294 1793 2357 genis

369 2369 687 2434 lacrymarum
711 2369 864 2417 imbre
891 2370 1091 2435 perfusis
1123 2369 1294 2433 agebat
1326 2386 1413 2416 cur
1436 2371 1523 2417 ista
1550 2379 1788 2432 tentasset.

374 2447 509 2494 Unde
532 2446 835 2495 manifestum
853 2458 923 2494 est
938 2447 1070 2493 hunc
1090 2447 1407 2511 eumdemque
1434 2446 1685 2494 hominem
1707 2463 1795 2512 per

371 2525 593 2573 virtutem
611 2525 739 2574 beati
760 2525 964 2592 apostoli
985 2524 1047 2573 ab
1069 2525 1166 2573 hoc
1187 2541 1319 2594 saevae
1335 2524 1502 2572 mortis
1532 2524 1793 2590 praecipitio

373 2600 514 2650 fuisse
536 2604 783 2651 salvatum.
