2002 3418
393 304 442 339 1111
790 309 855 343 DE
885 306 1066 342 GLORIA
1101 306 1398 342 MARTYRUM.

392 391 501 454 gina
525 391 824 457 Radegundis
851 395 1080 460 expetiit¹,
1113 410 1167 441 ac
1191 394 1363 441 devote
1387 395 1437 441 in
1467 395 1805 442 monasterium

392 469 705 532 Pictavense'‚
739 472 871 536 quod
905 489 992 519 suo
1024 471 1181 519 studio
1210 471 1477 532 constituit,
1507 471 1803 532 collocavit⁸3

391 548 611 611 misitque
648 566 822 613 pueros
858 550 1030 596 iterum
1067 548 1405 613 Hierosolymis
1447 564 1504 595 ac
1541 565 1627 613 per
1657 559 1808 601 totam

391 625 597 673 Orientis
633 627 844 691 plagam,
872 627 954 690 qui
980 626 1327 673 circumeuntes
1354 625 1593 691 sepulcra,
1626 637 1810 674 sancto-

390 719 499 749 rum
532 713 794 767 martyrum
823 704 1244 767 confessorumque
1276 713 1560 763 cunctorum
1589 704 1810 767 reliquias

390 778 662 827 detulerunt
691 799 702 826 :
725 780 900 844 quibus
924 781 974 826 in
1008 796 1119 827 arca
1149 790 1370 843 argentea
1401 797 1512 827 cum
1543 781 1645 845 ipsa
1669 797 1810 829 cruce

389 867 552 904 sancta
573 858 738 906 locatis
753 895 765 919 ‚
791 858 942 905 multa
968 857 1138 905 exinde
1170 859 1398 906 miracula
1418 859 1692 924 conspicere
1714 876 1810 908 me-

389 935 500 981 ruit.

454 1016 524 1059 De
558 1012 732 1076 quibus
771 1012 889 1060 illud
924 1013 1134 1078 primum
1165 1030 1429 1079 exponam,
1458 1013 1592 1079 quod
1628 1013 1809 1061 ibidem

388 1090 623 1137 Dominus
639 1091 688 1136 in
706 1090 875 1137 diebus
894 1091 1126 1156 passionis
1144 1108 1237 1138 suae
1256 1092 1474 1155 dignatus
1493 1102 1562 1139 est
1580 1093 1803 1140 revelare.

388 1169 528 1215 Sexta
551 1168 666 1216 feria
696 1179 806 1216 ante
829 1179 1047 1217 sanctum
1072 1167 1277 1231 Pascha,
1303 1186 1415 1216 cum
1446 1170 1497 1217 in
1517 1169 1686 1233 vigiliis
1708 1171 1809 1219 sine

386 1245 567 1292 lumine
588 1255 926 1310 pernoctarent
940 1283 953 1308 ‚
983 1247 1109 1294 circa
1131 1247 1304 1294 horam
1325 1247 1512 1294 tertiam
1542 1247 1694 1294 noctis
1715 1263 1808 1312 ap-

387 1324 545 1388 paruit
557 1334 666 1371 ante
680 1325 824 1372 altare
837 1326 1000 1372 lumen
1015 1326 1267 1391 parvulum
1283 1325 1333 1373 in
1351 1325 1553 1373 modum
1567 1326 1778 1374 scintillae
1794 1344 1805 1373 ε

387 1403 560 1452 deinde
582 1405 862 1469 ampliatum
876 1443 888 1466 ‚
919 1406 1015 1452 huc
1041 1405 1247 1469 illucque
1270 1422 1432 1453 comas
1456 1405 1654 1470 fulgoris
1675 1422 1808 1471 spar-

387 1498 527 1545 gens,
568 1483 712 1546 coepit
748 1482 981 1545 gradatim
1024 1482 1074 1528 in
1114 1483 1264 1529 altum
1303 1482 1625 1530 conscendere
1655 1502 1666 1529 z
1700 1483 1808 1531 effe-

386 1568 555 1622 ctaque
576 1559 754 1624 pharus
773 1576 947 1622 magna
959 1558 1172 1606 obscurae
1190 1559 1319 1606 nocti
1330 1559 1636 1623 vigilantique
1650 1559 1809 1625 plebe-

386 1636 502 1682 culae
525 1636 687 1683 lumen
710 1635 912 1701 praebuit
941 1636 1248 1701 supplicanti3
1288 1637 1586 1685 illucescente
1614 1654 1808 1702 quoque

386 1713 508 1760 coelo
526 1751 538 1775 ‚
563 1714 793 1778 paulatim
820 1713 1072 1775 deficiens,
1101 1713 1213 1761 data
1245 1714 1381 1761 terris
1411 1715 1539 1776 luce,
1571 1713 1633 1762 ab
1658 1715 1809 1763 oculis

386 1799 661 1837 mirantlum
686 1800 893 1838 evanuit.

451 1870 551 1931 Ego
579 1877 739 1915 autem
767 1867 1021 1915 audiebam
1056 1869 1223 1933 saepius
1239 1907 1252 1931 ‚
1276 1869 1408 1933 quod
1441 1869 1584 1916 etiam
1612 1868 1803 1933 lychni,

386 1947 468 2009 qui
491 1946 876 1994 accendebantur
897 1956 1007 1994 ante
1033 1947 1135 1994 haec
1159 1947 1387 2012 pignora,
1413 1947 1691 1995 ebullientes
1712 1948 1808 1994 vir-

385 2034 484 2072 tute
506 2026 667 2073 divina
683 2063 695 2087 ‚
721 2026 771 2072 in
789 2035 975 2073 tantum
999 2025 1295 2073 exundarent
1315 2026 1474 2072 oleum
1492 2063 1504 2087 ‚
1527 2036 1583 2073 ut
1601 2042 1684 2073 vas
1702 2042 1809 2090 sup-

385 2104 594 2167 positum
616 2104 897 2168 plerumque
926 2105 1164 2169 replerent
1189 2123 1199 2150 ε
1227 2115 1274 2151 et
1300 2115 1458 2152 tamen
1491 2105 1624 2168 juxta
1656 2104 1806 2152 stulti·

385 2182 499 2228 tiam
514 2182 685 2228 mentis
698 2181 828 2228 durae
840 2198 1087 2245 nunquam
1103 2182 1164 2229 ad
1183 2182 1284 2229 haec
1303 2182 1541 2229 credenda
1556 2181 1802 2243 movebar,

385 2258 541 2305 donec
564 2258 753 2306 brutam
775 2259 1019 2322 segnitiem
1043 2258 1104 2306 ad
1126 2276 1330 2325 praesens
1352 2259 1453 2323 ipsa
1482 2276 1587 2324 quae
1619 2269 1806 2307 ostensa

384 2345 454 2382 est
476 2335 624 2383 virtus
646 2345 877 2399 argueret.

450 2412 658 2476 Ideoque
696 2430 800 2476 quae
845 2413 995 2460 oculis
1040 2413 1246 2478 propriis
1287 2412 1489 2461 viderim
1535 2412 1800 2477 explicabo.

385 2493 536 2539 Causa
552 2492 819 2538 devotionis
835 2491 1006 2538 exstitit
1027 2501 1080 2537 ut
1101 2491 1372 2555 sepulcrum
1391 2491 1539 2538 sancti
1557 2491 1721 2539 Hilarii
1740 2492 1805 2539 vi·

436 2697 493 2744 (1)
513 2698 588 2734 An.
613 2697 704 2734 569.
719 2717 769 2724 -
786 2695 839 2742 (2)
858 2696 1124 2742 Ρίεἰανεηείζη,
1144 2695 1263 2733 2204.
1277 2695 1394 2743 -—(3)
1412 2697 1471 2734 De
1483 2694 1543 2733 his
1562 2694 1638 2746 egit
1657 2694 1802 2746 Grego-

384 2758 462 2797 rius
489 2757 558 2796 lib.
578 2759 635 2797 IX
659 2761 760 2796 Hist.
787 2769 872 2808 cap.
900 2770 972 2805 x1.;
997 2756 1086 2793 vide
1109 2765 1147 2794 et
1166 2757 1434 2797 Bollandianos
1458 2757 1506 2796 ad
1526 2757 1627 2796 diem
1649 2756 1801 2795 tertium

385 2821 487 2860 maii.
511 2823 596 2869 (R.)
