2002 3418
403 341 477 377 332
708 342 773 377 DE
802 341 1067 378 MIRACULIS
1095 318 1266 378 SANC²rl
1293 341 1501 379 JULIANI.

400 439 667 493 pervaserat
687 428 930 491 relaxaret,
952 429 1028 476 ille
1051 429 1184 493 quasi
1202 439 1367 477 contra
1390 430 1604 495 iniquum
1620 432 1818 482 hostem·

399 506 501 554 telis
521 506 748 571 correptis
772 506 1004 571 prosiluit,
1030 506 1290 570 fugatisque
1312 507 1487 570 sagittis
1513 509 1706 572 clericis,
1734 528 1807 559 res

400 583 548 630 sancti
573 583 623 629 in
650 599 735 631 sua
757 582 1083 632 dominatione
1107 583 1313 630 retinuit.
1346 587 1540 632 Factum
1562 596 1630 633 est
1650 597 1807 635 autem

399 669 450 707 ut
479 661 528 707 in
556 661 776 726 proximo
809 660 1053 709 adveniret
1077 660 1176 708 dies
1203 661 1433 726 passionis
1462 663 1677 727 martyris
1709 665 1807 727 glo-

398 738 509 785 riosi
537 756 547 785 :
575 738 637 786 ad
668 754 814 802 quam
835 738 928 800 ille,
956 739 1207 786 immemor
1228 739 1518 803 pervasionis
1547 757 1641 788 suae
1668 751 1808 805 atque

397 814 578 878 injuriae
603 832 748 878 quam
769 816 989 863 intulerat
1010 816 1206 878 clericis,
1236 826 1345 863 ante
1377 817 1586 881 quinque
1606 818 1704 865 dies
1726 835 1807 866 so-

397 893 651 941 lemnitatis
673 893 736 940 ad
755 893 915 939 vicum
937 893 1254 940 Brivatensem
1267 893 1475 941 advenit.
1496 895 1607 957 Qui,
1630 911 1740 942 cum
1760 896 1829 942 in.

399 971 545 1018 domo
572 970 901 1035 hospitalitatis
923 988 1016 1018 suae
1038 971 1258 1018 convivio
1281 988 1392 1018 cum
1412 972 1569 1019 laetitia
1591 982 1638 1019 et
1658 972 1811 1020 exsul-

397 1049 576 1096 tatione
614 1049 908 1112 fimgeretur,
944 1047 1126 1110 subito,
1166 1050 1491 1097 coruscatione
1533 1049 1655 1097 facta
1687 1051 1812 1097 toni-

398 1137 559 1173 truum
605 1127 789 1187 sonuit3
837 1142 1122 1190 rursumque
1168 1126 1334 1172 iterato
1371 1126 1529 1189 jaculo
1571 1127 1709 1189 igneo
1752 1127 1812 1174 de

398 1203 527 1250 coelis
545 1203 723 1268 elapso,
743 1219 993 1268 percussus
1012 1212 1096 1264 est,
1120 1202 1252 1249 nullo
1269 1212 1429 1249 tamen
1448 1202 1507 1249 de
1525 1203 1714 1266 reliquis
1735 1220 1814 1268 pe-

397 1292 563 1329 reunte
586 1299 596 1328 ε
625 1281 798 1328 deinde
831 1280 892 1328 ad
920 1281 1191 1345 exemplum
1217 1280 1456 1342 omnium,
1491 1290 1717 1344 tanquam
1740 1297 1816 1328 ro-

397 1377 483 1424 gus
527 1360 775 1407 flammeus
814 1358 1010 1421 ardens,
1054 1358 1281 1424 paulatim
1313 1357 1696 1406 consumebatur.
1741 1358 1815 1406 Ad

397 1439 529 1503 quod
553 1439 836 1486 miraculum
864 1438 1088 1504 populus,
1127 1438 1210 1502 qui
1246 1437 1308 1485 ad
1340 1437 1466 1485 beati
1501 1437 1617 1484 festa
1638 1453 1816 1484 conve—

398 1527 546 1579 nerat,
594 1517 696 1564 haec
741 1533 938 1564 cernens
998 1532 1109 1563 cum
1163 1515 1494 1577 admiratione,
1545 1514 1809 1574 metuebat3

398 1597 601 1661 satisque
626 1597 691 1643 illi
717 1596 804 1643 fuit
837 1613 897 1643 ne
922 1595 982 1643 de
1004 1595 1147 1643 rebus
1167 1595 1317 1644 sancti
1339 1594 1517 1658 aliquid
1547 1595 1670 1642 ultra
1697 1611 1812 1641 con-

397 1674 611 1736 tingeret.
653 1673 796 1731 Quod
832 1690 893 1720 ne
928 1672 1120 1719 fortuito
1160 1681 1319 1719 actum
1353 1672 1457 1735 quis
1493 1681 1625 1736 putet
1655 1679 1815 1718 cernat

399 1750 520 1797 inter
552 1750 726 1796 multos
755 1750 977 1797 innoxios
1002 1766 1153 1796 unum
1178 1749 1403 1796 interiisse
1427 1749 1720 1811 sacrilegum.

963 1926 1120 1961 CAPUT
1144 1926 1178 1961 X
1182 1926 1245 1960 VI.

863 2033 917 2067 De
932 2031 1152 2067 contumacia
1173 2030 1354 2068 Becconis.

465 2133 593 2191 Quid
622 2134 765 2182 etiam
795 2132 858 2181 ad
898 2134 1124 2182 Becconis
1150 2134 1336 2181 comitis
1366 2132 1705 2181 confutandam
1742 2149 1815 2180 su-

397 2211 616 2278 perbiam
654 2213 820 2260 beatus
855 2221 1033 2276 martyr
1071 2212 1130 2259 sit
1147 2272 1149 2274 ι
1164 2222 1384 2278 operatus
1427 2210 1659 2259 evolvam.
1697 2210 1810 2272 Hic,

399 2306 511 2336 cum
547 2290 758 2337 actiones
789 2299 947 2353 ageret
966 2289 1181 2355 publicas
1203 2299 1250 2336 et
1281 2289 1430 2336 elatus
1449 2288 1673 2352 jactantia
1696 2287 1815 2334 mul-

398 2376 472 2413 tos
489 2377 656 2414 contra
673 2367 901 2430 justitiam
924 2377 1210 2430 aggravaret,
1237 2383 1349 2414 casu
1367 2366 1563 2428 contigit
1582 2375 1634 2412 ut
1658 2364 1815 2411 dimis-

399 2461 506 2491 sum
541 2444 813 2509 accipitrem
849 2444 932 2491 diu
957 2461 1043 2509 per
1073 2444 1256 2491 diversa
1282 2452 1533 2506 vagantem
1560 2442 1809 2507 perderet;

399 2521 628 2583 similiter,
647 2531 700 2568 ut
719 2538 842 2569 unus
865 2520 1251 2582 deservientibus
1264 2520 1467 2568 basilicae
1480 2520 1629 2568 sancti
1641 2519 1814 2579 Juliani

399 2600 670 2664 accipitrem
694 2600 857 2662 alium,
885 2598 1002 2646 dum
1025 2615 1111 2664 per
1128 2599 1252 2646 viam
1276 2598 1556 2660 ambularet,
1582 2597 1716 2661 quasi
1735 2612 1815 2644 va-

401 2694 514 2740 gum
540 2678 735 2725 invenit.
772 2681 884 2725 Erat
915 2678 1042 2724 enim
1076 2694 1195 2742 puer
1224 2678 1301 2724 ille
1334 2677 1562 2742 pincerna
1588 2676 1638 2722 in
1664 2675 1811 2722 domo

402 2752 618 2800 basilicae.
655 2755 796 2812 Quod
831 2747 941 2801 cum
970 2753 1031 2800 ad
1053 2757 1313 2802 Becconem
1335 2753 1643 2818 pervenisset,
1681 2751 1812 2815 quod

401 2831 590 2879 scilicet.
610 2849 728 2897 puer
752 2842 986 2896 repertum
1011 2842 1191 2879 teneret
1212 2833 1508 2896 accipitrem,
1537 2829 1811 2877 calumniari
