2002 3418
442 367 516 403 318
739 367 806 404 DE
833 368 1101 407 MIRACULIS
1131 366 1299 406 SANcrl
1327 367 1538 405 JULIANI.

439 469 545 517 quae
566 454 698 518 petiit
733 455 903 501 meruit
931 454 1163 502 obtinere.
1191 453 1453 502 Recedente
1486 464 1646 502 autem
1672 465 1850 519 tempe·

439 539 579 591 state,
607 547 726 596 puer
747 548 856 578 cum
879 532 1155 597 parentibus
1179 530 1379 578 credens
1400 531 1502 596 ipsa
1524 531 1601 578 die
1624 547 1653 579 a
1676 531 1850 578 dolori-

437 607 527 655 bus
546 607 772 656 liberatur
802 626 812 654 :
840 609 1035 672 gentiles
1059 610 1107 655 in
1130 609 1364 655 Trinitatis
1385 609 1579 654 nomine
1600 607 1821 673 baptizati
1835 646 1847 670 ,

437 695 611 733 statuas
641 702 758 750 quas
789 686 1035 734 coluerant
1069 686 1440 748 confringentes,
1472 685 1520 732 in
1554 685 1711 732 lacum
1744 685 1851 732 vico

438 763 660 826 amnique
682 764 953 828 proximum
975 763 1293 828 projecerunt.
1320 762 1387 809 Ab
1408 778 1468 809 eo
1489 762 1618 810 enim
1639 771 1852 827 tempore

437 841 487 887 in
514 841 624 887 loco
655 841 735 887 illo
766 851 812 888 et
846 841 964 888 fides
994 841 1228 889 catholica
1266 851 1312 888 et
1348 840 1564 905 martyris
1604 840 1753 887 virtus
1782 849 1851 887 est

438 918 639 983 amplius
657 917 907 966 declarata.

1009 1042 1164 1077 CAPUT
1187 1043 1273 1080 vn.

640 1132 799 1175 Qualiter
814 1131 979 1166 Hillidius
996 1133 1172 1180 populum
1187 1133 1232 1167 ab
1251 1132 1442 1168 hostilitate
1455 1133 1638 1169 liberabat.

504 1232 615 1277 Post
635 1230 735 1278 haec
758 1231 1001 1278 venientes
1031 1231 1226 1295 quidam
1255 1230 1316 1278 de
1346 1231 1760 1294 Burgundionibus
1790 1231 1852 1279 ad

441 1307 756 1355 Brivatensem
777 1307 937 1355 vicum
950 1345 963 1369 ,
1001 1324 1112 1356 eum
1146 1325 1258 1356 cum
1287 1324 1530 1355 armorum
1553 1308 1853 1356 multitudine

437 1386 632 1450 copiosa
649 1385 973 1448 circumdant,
1011 1395 1247 1451 captoque
1275 1386 1482 1451 populo,
1507 1385 1693 1451 direpto
1714 1386 1853 1432 mini-

437 1462 578 1509 sterio
607 1471 907 1510 sacrosancto
920 1501 932 1524 ,
969 1462 1093 1510 ultra
1124 1478 1315 1510 amnem
1345 1471 1617 1524 transeunt,
1650 1472 1698 1509 et
1727 1461 1855 1509 viros

438 1538 595 1602 gladio
619 1538 908 1602 interficere,
943 1540 1178 1604 reliquum
1203 1540 1369 1604 vulgus
1390 1550 1516 1587 sorte
1537 1538 1750 1588 dividere
1772 1556 1855 1606 pa-

437 1625 561 1662 rant.
586 1618 718 1664 Tunc
748 1617 989 1664 Hillidius¹
1012 1617 1208 1681 quidam
1241 1633 1271 1664 a
1299 1617 1495 1665 Vellavo
1517 1618 1712 1665 veniens
1727 1655 1740 1679 ,
1777 1628 1850 1680 et,

438 1703 492 1740 ut
506 1694 654 1755 aiunt,
674 1696 1050 1742 commonitione
1064 1694 1297 1742 columbae
1314 1695 1435 1743 alitis
1454 1695 1692 1758 incitatus,
1712 1711 1854 1761 super

435 1786 520 1818 eos
536 1771 686 1818 irruit.
714 1774 1031 1836 Hortatusque
1049 1773 1204 1820 socios
1224 1773 1290 1820 ita
1310 1772 1471 1820 hostes
1490 1772 1551 1820 ad
1573 1773 1855 1821 internecio-

438 1865 550 1897 nem
573 1849 743 1898 cecidit
762 1859 837 1911 ut,
865 1850 1060 1915 captivis
1090 1851 1277 1913 laxatiS,
1311 1849 1609 1915 triumphans
1636 1851 1687 1898 in
1707 1850 1851 1898 laude

441 1927 681 1991 martyris,
707 1943 848 1974 amne
879 1928 1152 1975 transmisso
1168 1965 1181 1989 ,
1209 1927 1271 1975 ad
1292 1926 1483 1974 beatam
1509 1927 1728 1975 cellulam
1748 1937 1853 1975 tan-

438 2018 584 2068 quam
600 2020 755 2052 novus
775 2006 960 2069 Moyses
981 2021 1094 2052 cum
1116 2005 1248 2051 omni
1268 2005 1451 2070 populo
1466 2003 1685 2052 canendo
1704 2020 1855 2053 rever-

437 2081 552 2129 titur
580 2099 591 2128 :
625 2097 714 2129 nec
745 2081 921 2142 minor,
952 2090 1006 2128 ut
1026 2081 1247 2144 arbitror,
1285 2081 1531 2129 exsultatio
1563 2080 1650 2128 fuit
1684 2082 1854 2147 ereptis

438 2173 584 2221 quam
599 2157 844 2223 quondam
862 2158 1078 2206 Israelitis
1097 2159 1321 2206 demersis
1342 2158 1430 2206 fuit
1447 2159 1691 2224 AEgyptiis.
1710 2159 1855 2218 Quod

439 2252 500 2284 ne
520 2238 626 2302 quis
647 2236 831 2284 dubitet
859 2237 986 2285 hanc
1011 2235 1140 2284 beati
1167 2237 1383 2301 martyris
1412 2234 1552 2284 fuisse
1582 2237 1849 2298 victoriam3

438 2314 521 2362 sed
558 2315 814 2362 insinuatio
854 2314 1088 2362 columbae
1137 2313 1332 2378 aliquod
1366 2311 1679 2361 ministerium
1716 2313 1854 2362 fuisse

439 2392 647 2440 creditur
676 2393 859 2440 virtutis
888 2392 1074 2440 divinae.
1107 2395 1243 2453 Nam,
1271 2390 1491 2440 veniente
1513 2390 1724 2453 Hillidio,
1751 2390 1854 2439 haec

439 2471 489 2517 in
516 2470 709 2519 obviam
725 2471 855 2519 venit
876 2488 888 2517 ε
911 2487 1064 2534 quum
1082 2469 1178 2530 ille,
1200 2479 1252 2516 ut
1274 2469 1461 2530 assolet,
1488 2468 1668 2533 aliquid
1691 2468 1853 2517 demo-

440 2549 638 2610 raretur,
676 2548 778 2595 haec
810 2548 860 2594 in
887 2547 1087 2594 circuitu
1113 2546 1236 2594 illius
1269 2545 1518 2608 volitabat3
1543 2546 1721 2610 illoque
1740 2562 1852 2611 pro-

442 2626 696 2688 grediente,
721 2626 808 2673 ista
824 2623 1120 2690 praecedebat
1131 2661 1143 2685 ,
1166 2633 1213 2671 et
1230 2624 1553 2672 revertebatur
1570 2625 1620 2671 in
1639 2623 1848 2687 obviam,

495 2793 548 2839 (¹)
577 2790 673 2836 Alii,
704 2799 741 2828 et
769 2789 822 2827 sic
849 2789 963 2836 infra,
992 2790 1211 2828 Illidius....
1244 2793 1425 2837 Velauno,
1448 2803 1526 2842 quo
1549 2789 1705 2830 nomine
1726 2787 1851 2828 Vena-

441 2866 577 2894 vorum
597 2852 702 2904 regio
720 2854 778 2901 (le
797 2851 929 2902 Velay)
953 2852 1214 2904 intelligenda.
1235 2853 1319 2907 (R.)
