2002 3418
414 327 491 364 304
714 328 779 364 DE
808 329 1074 366 MIRACULIS
1103 328 1273 366 SANCTI
1301 330 1511 368 JULIANI.

414 421 614 461 tortores
638 412 929 479 despiciunt,
954 430 1118 479 poenas
1141 432 1239 462 non
1263 416 1485 477 sentiunt,
1524 417 1585 464 ad
1618 418 1821 476 coelestia

413 506 558 555 regna
577 491 888 539 contendunt.
917 491 1058 550 Quod
1076 493 1245 558 procul
1270 492 1418 540 dubio
1442 494 1611 541 virtute
1630 495 1820 561 propria

414 583 513 615 non
541 567 837 632 obtinerent,
865 569 955 617 nisi
989 586 1074 634 per
1110 571 1236 618 viam
1258 570 1445 634 justitiae
1469 571 1721 620 rectissime
1749 572 1821 619 in-

413 645 631 707 cedentes
655 663 684 695 a
706 646 912 695 Domino
953 646 1243 695 audirentur.

920 800 1076 836 CAPUT
1099 801 1304 838 PRIMUM.

776 895 828 929 De
843 894 1005 941 passione
1022 894 1130 930 sancti
1145 896 1166 930 J
1168 895 1278 930 uliani
1293 895 1466 942 martyris.

478 991 553 1036 Sic
598 998 646 1035 et
694 990 894 1052 inclytus
933 1000 1109 1054 martyr
1147 990 1410 1051 Julianus⁴,
1451 990 1528 1054 qui
1571 990 1822 1037 Viennensi

415 1076 545 1113 ortus
574 1065 691 1112 urbe
726 1067 964 1113 Arvernis'
1007 1066 1144 1113 datus
1174 1077 1244 1114 est
1270 1077 1464 1130 martyr,
1505 1066 1566 1114 ab
1593 1066 1687 1113 hoc
1715 1067 1822 1129 igne

413 1158 688 1203 succensus,
713 1141 814 1189 haec
832 1143 1104 1207 concupivit
1126 1159 1182 1189 ac
1201 1152 1358 1189 mente
1379 1151 1480 1189 tota
1501 1141 1817 1189 desideravit⁸.

413 1220 553 1281 Quia,
592 1236 703 1265 cum
731 1229 850 1267 esset
883 1219 1013 1284 apud
1042 1218 1367 1267 beatissimum
1399 1218 1693 1279 Ferreolum,
1725 1218 1824 1282 jam

413 1307 527 1344 tunc
552 1297 762 1361 martyrii
788 1296 936 1344 odore
958 1296 1202 1360 flagrabat.
1230 1297 1341 1358 Qui,
1366 1296 1536 1343 relictis
1570 1295 1741 1343 divitiis
1769 1311 1825 1343 ac

412 1374 709 1439 propinquis,
729 1384 915 1422 tantum
937 1373 1001 1421 ob
1024 1374 1169 1422 solius
1199 1390 1413 1421 amorem
1431 1373 1643 1437 martyrii
1665 1375 1826 1420 Arver-

414 1468 530 1498 num
550 1451 756 1500 advenit.
801 1452 893 1500 Sed
916 1469 1004 1500 nec
1027 1452 1123 1499 hoc
1145 1452 1245 1499 sine
1265 1451 1427 1499 divino
1450 1449 1676 1498 mandato
1694 1465 1827 1515 pere-

415 1527 496 1589 git,
537 1544 647 1575 cum
674 1538 788 1575 tunc
824 1529 1088 1594 persecutio
1110 1529 1159 1575 in
1184 1529 1440 1576 Viennensi
1464 1527 1584 1575 urbe
1609 1527 1821 1576 ferveret.

415 1606 611 1668 Legerat
630 1606 759 1653 enim
784 1606 1045 1653 Dominum
1070 1605 1338 1670 praedixisse
1359 1624 1369 1652 ε
1403 1607 1458 1652 Si
1491 1623 1565 1653 vos
1590 1607 1830 1669 persecuti

411 1684 594 1746 fuerint
616 1683 665 1728 in
688 1684 777 1729 ista
796 1684 998 1744 civitate,
1020 1685 1173 1748 fugite
1199 1685 1250 1729 in
1274 1683 1460 1731 all’am‘.
1487 1684 1697 1730 Contulit
1713 1699 1826 1747 ergo

414 1775 462 1805 se
495 1758 574 1805 hic
609 1759 658 1805 in
689 1761 946 1806 Arvernum
978 1760 1290 1821 territorium,
1331 1777 1430 1807 non
1464 1770 1594 1808 metu
1631 1762 1822 1823 mortis,

415 1835 498 1882 sed
533 1845 586 1882 ut
619 1836 890 1900 relinquens
922 1837 1116 1902 propria
1146 1836 1324 1884 facilius
1357 1837 1623 1902 perveniret
1644 1837 1705 1884 ad
1726 1837 1827 1903 pal-

416 1929 571 1974 mam3
603 1914 845 1962 metuebat
869 1915 997 1962 enim
1030 1931 1091 1962 ne
1119 1915 1163 1961 ei
1184 1924 1402 1979 parentes
1422 1924 1576 1962 essent
1599 1914 1758 1976 obvii,
1788 1915 1827 1962 si

416 1990 538 2037 inter
578 2007 660 2038 eos
697 1991 792 2038 hoc
833 2002 1071 2039 certamen
1109 1992 1287 2039 iniisset
1302 2028 1315 2053 ,
1355 2001 1402 2038 et
1441 1990 1658 2056 perderet
1694 1991 1829 2038 miles

417 2066 588 2114 Christi
625 2084 857 2115 coronam
895 2069 1076 2132 gloriae,
1125 2069 1163 2116 si
1194 2068 1400 2131 legitime
1442 2083 1541 2114 non
1589 2076 1822 2116 certasset.

418 2144 579 2206 Igitur,
616 2145 819 2192 instante
847 2145 1199 2210 persecutione,
1233 2145 1296 2192 ad
1323 2144 1638 2191 Brivatensem
1669 2145 1827 2191 vicum

471 2322 525 2372 (1)
542 2324 679 2361 Passus
697 2331 754 2360 est
772 2335 875 2360 anno
893 2322 1031 2362 Christi
1049 2324 1146 2371 304,
1167 2322 1228 2361 die
1244 2324 1295 2361 28
1308 2335 1397 2374 aug.
1417 2325 1503 2372 (R.)

472 2389 526 2435 (2)
545 2387 649 2424 2204
668 2394 706 2424 et
723 2387 849 2433 2205,
870 2389 1067 2426 Arvernus.

474 2453 488 2489 (
493 2450 532 2498 3)
551 2452 595 2487 In
615 2462 705 2487 mss.
728 2448 877 2486 duobus
893 2448 983 2496 Maj.
999 2462 1070 2496 m.‚
1091 2447 1199 2490 Colb.
1220 2457 1308 2497 tut.‚
1330 2449 1461 2488 Germ.
1478 2456 1516 2487 et
1533 2448 1644 2488 Gem.
1659 2446 1722 2486 hic
1733 2458 1829 2500 prae-

420 2511 532 2549 missa
550 2510 660 2549 brevi
672 2511 892 2563 praefatione
903 2539 913 2558 ,
934 2510 1098 2548 refertur
1114 2510 1261 2563 integra
1278 2513 1322 2550 B.
1345 2510 1522 2562 martyris
1539 2509 1686 2562 passio,
1713 2521 1828 2560 quam

419 2574 594 2611 nonnulli
608 2572 879 2612 existimabunt
895 2574 1053 2611 sortasse
1064 2586 1086 2611 a
1099 2574 1284 2626 Gregorio
1296 2573 1411 2612 fuisse
1418 2573 1508 2612 huic
1519 2572 1618 2610 libro
1631 2572 1826 2610 insertam.

419 2637 467 2673 Et
488 2636 642 2687 quidem
666 2637 769 2675 favet
790 2636 923 2688 capitis
945 2649 1012 2674 seu
1037 2634 1124 2674 libri
1143 2637 1294 2686 titulus,
1320 2637 1386 2689 qui
1409 2637 1450 2675 in
1473 2633 1649 2674 omnibus
1666 2633 1774 2674 editis
1791 2641 1830 2672 et

421 2710 512 2737 mss,
534 2698 650 2737 habet
670 2714 679 2737 ι
702 2702 762 2737 De
779 2700 972 2748 passione,
1001 2699 1198 2737 etc..Cum
1227 2708 1354 2738 tamen
1376 2699 1417 2739 in
1442 2697 1585 2737 caeteris
1611 2696 1736 2749 passio
1765 2695 1829 2734 illa

387 2794 393 2802 ,
421 2760 675 2809 desideretur,
704 2762 827 2800 visum
852 2770 908 2799 est
931 2761 1020 2799 satis
1043 2774 1126 2799 eam
1150 2761 1199 2799 ad
1223 2762 1350 2814 operis
1374 2761 1517 2799 calcem
1540 2759 1724 2811 proferre.
1745 2759 1828 2807 (R.)

474 2826 528 2874 (4)
554 2824 689 2863 Matth.
711 2838 756 2872 x,
773 2826 838 2863 23.
