2002 3418
388 341 464 376 362
690 341 757 378 DE
784 340 1052 378 MIRACULIS
1080 341 1250 378 SANCTI
1276 341 1487 380 JULIANI.

377 444 528 493 usque
554 428 617 476 ad
641 437 858 476 sanctum
876 438 1184 494 properantes
1210 429 1354 476 altare
1367 466 1380 490 ‚
1414 430 1791 495 osculantesque,

380 521 544 553 rursus
560 506 611 552 in
629 506 732 571 ipsa
759 522 854 570 qua
878 506 1069 570 ingressi
1096 505 1282 553 fuerant
1299 506 1524 571 patientia
1549 506 1790 571 repedare.

378 584 455 631 Sic
479 593 526 631 et
552 583 848 648 reliquorum
876 585 1204 649 jumentorum
1235 584 1518 648 petulantia,
1554 600 1666 631 cum
1685 585 1796 633 illuc

377 662 682 723 accesserint,
718 661 934 726 deposito
979 671 1152 709 cuncto
1196 660 1381 722 furore,
1417 661 1618 709 mitescit
1654 671 1709 708 ut
1739 677 1796 710 ea

379 738 432 785 in
446 739 810 789 mansuetudine
829 739 1162 787 columbarum
1181 756 1291 786 cum
1306 738 1472 803 grandi
1484 738 1796 788 admiratione

374 818 657 882 conspicias.
694 820 766 864 De
794 817 870 865 his
891 834 1004 865 vero
1027 834 1131 882 quae
1154 818 1311 865 votiva
1332 827 1442 865 sunt
1470 817 1588 864 nulli
1609 817 1796 882 penitus

378 895 625 959 quidpiam
650 895 927 942 subtrahere
947 896 1078 957 licet3
1111 895 1268 963 nullus
1289 896 1565 960 priusquam
1587 894 1649 942 ad
1672 893 1796 942 basi·

370 968 520 1018 'licam
550 972 737 1032 veniat,
773 982 856 1018 aut
884 982 1179 1019 commutare
1209 972 1475 1037 praesumit,
1506 980 1588 1018 aut
1619 987 1791 1018 emere.

380 1049 500 1095 Nam
522 1048 604 1111 qui
629 1048 826 1095 fecerint
852 1049 1019 1113 saepius
1045 1049 1227 1096 ultione
1259 1048 1421 1096 divina
1450 1049 1651 1112 graviter
1683 1064 1797 1112 qua-

382 1125 579 1171 tiuntur.
609 1127 730 1172 Nam
755 1134 837 1173 aut
862 1125 1005 1173 febris
1025 1125 1263 1187 imminet,
1297 1135 1380 1173 aut
1401 1126 1582 1173 malum
1602 1124 1797 1190 aliquod

381 1199 570 1265 obrepit
586 1238 599 1263 ,
629 1211 710 1248 aut
738 1201 971 1250 damnum
999 1218 1139 1266 grave
1164 1201 1398 1262 succedit,
1429 1211 1511 1249 aut
1540 1201 1636 1248 hoc
1666 1201 1796 1266 quod

381 1277 575 1326 abstulit
605 1278 805 1326 morbus
830 1280 998 1328 aufert.
1033 1278 1235 1326 Difficile
1264 1289 1424 1327 tamen
1444 1280 1546 1327 sine
1581 1278 1796 1344 praesenti

382 1354 562 1402 ultione
583 1372 657 1403 res
681 1357 900 1420 praeterit.

922 1481 1079 1516 CAPUT
1103 1480 1259 1516 XXXII.

682 1573 736 1607 De
749 1571 904 1618 reliquiis
919 1572 994 1620 ejus
1011 1572 1048 1606 in
1070 1572 1298 1619 Campaniam
1314 1570 1504 1607 translatis.

449 1660 521 1704 De
537 1658 648 1706 illis¹
666 1659 834 1706 dixisse
851 1658 1103 1706 virtutibus
1114 1658 1314 1706 sufficiat
1333 1675 1437 1722 quae
1452 1658 1578 1704 circa
1586 1666 1796 1705 sanctam

385 1736 631 1784 basilicam
654 1748 737 1784 aut
760 1747 886 1801 gesta
908 1747 1020 1784 sunt
1034 1775 1047 1799 ,
1072 1747 1155 1784 aut
1176 1746 1402 1800 geruntur
1425 1752 1438 1781 ε
1464 1751 1611 1796 nunc,
1645 1750 1796 1799 pauca

385 1814 446 1862 de
468 1815 586 1861 locis
614 1815 704 1862 illis
736 1815 787 1861 in
819 1814 993 1879 quibus
1017 1815 1117 1878 ejus
1146 1813 1382 1861 habentur
1414 1812 1620 1876 reliquiae
1652 1811 1795 1858 disse-

384 1902 542 1939 rentes
558 1929 572 1954 ,
612 1891 759 1940 finem
796 1892 939 1956 hujus
963 1891 1110 1939 libelli
1143 1891 1294 1938 facere
1325 1890 1504 1955 placet,
1542 1888 1796 1936 devotione

383 1980 738 2018 commonente.
763 1970 972 2028 Quidam
993 1969 1122 2036 apud
1143 1969 1336 2032 Belgicae
1359 1966 1577 2015 secundae
1600 1967 1796 2032 provin·

384 2047 536 2109 ciam,
570 2046 622 2093 id
653 2057 723 2094 est
748 2046 1027 2095 suburbano
1055 2046 1330 2093 Rhemensis
1362 2043 1519 2105 urbis,
1552 2043 1795 2091 basilicam

384 2124 433 2170 in
465 2124 651 2171 honore
684 2124 812 2172 beati
844 2125 1062 2189 martyris
1097 2122 1305 2170 studiose
1340 2121 1602 2170 construxit
1615 2157 1628 2181 ,
1664 2119 1796 2183 cujus

386 2201 606 2265 reliquias
630 2211 739 2266 post
758 2201 1016 2266 perfectam
1047 2199 1276 2247 fabricam
1301 2198 1494 2263 expetiit
1519 2196 1718 2244 fideliter
1740 2210 1796 2241 ac

438 2391 493 2438 (1)
511 2393 595 2428 Hoc
604 2389 855 2442 caputlaudat
866 2389 1107 2428 Frodoardus
1116 2387 1185 2426 lib.
1195 2390 1215 2426 1
1226 2387 1325 2426 ffist.
1334 2385 1574 2433 Rhemensis,
1582 2397 1668 2436 cap.
1680 2397 1794 2431 xxm,

385 2451 451 2489 ubi
468 2452 515 2490 de
528 2451 685 2491 basilica
701 2452 764 2491 hic
782 2461 992 2491 memorata
1004 2451 1095 2504 agit,
1107 2451 1148 2489 in
1161 2463 1239 2502 qua
1253 2450 1388 2488 Atolus
1408 2450 1469 2487 vir
1474 2450 1681 2499 praeclarus
1697 2446 1794 2494 ejus,

384 2522 426 2552 ut
451 2515 632 2562 creditur,
664 2515 840 2554 conditor
867 2515 1036 2567 sepultus
1067 2522 1137 2552 est.
1167 2512 1282 2560 Cujus
1311 2511 1546 2564 epitaphium
1561 2540 1573 2558 ,
1607 2509 1713 2562 quod
1733 2507 1797 2548 hic

385 2585 519 2614 auctor
537 2579 683 2615 titulum
703 2579 884 2630 appellat,
904 2591 1044 2615 summo
1066 2579 1198 2626 templi
1216 2577 1422 2626 pinnaculo
1439 2582 1521 2612 erat
1536 2572 1767 2623 insculptum
1783 2597 1794 2617 ,

385 2638 425 2676 in
446 2652 524 2690 quo
542 2639 719 2678 laudatur
736 2640 787 2679 ob
804 2640 1005 2679 duodecim
1029 2638 1270 2677 xenodochia
1291 2639 1332 2676 in
1358 2637 1546 2676 honorem
1572 2633 1693 2674 sancti
1719 2635 1795 2672 Re-

385 2701 488 2752 migii
502 2701 551 2739 ab
564 2715 610 2740 eo
626 2712 832 2742 exstructa.
844 2705 1029 2742 Caeterum
1040 2701 1195 2739 basilica
1208 2701 1327 2739 sancti
1343 2704 1365 2739 J
1366 2700 1483 2739 uliani
1494 2697 1649 2737 Rhemis
1662 2695 1795 2735 etiam-

386 2776 490 2802 nunc
505 2774 679 2816 superest
695 2765 1032 2804 archimonasterio
1051 2764 1273 2816 Remigiano
1288 2762 1473 2811 subjecta,
1489 2774 1577 2800 cum
1589 2756 1797 2813 parochiali

385 2825 509 2864 titulo.
531 2828 620 2876 (R.)
