2002 3418
371 331 448 369 118
770 331 838 367 DE
867 329 1051 368 GLORIA
1083 328 1383 366 MARTYRUM.

458 419 726 479 Principibus
744 428 888 461 tamen
911 433 935 461 e
960 418 1122 461 cunctis
1143 433 1234 459 non
1256 416 1391 460 defuit
1412 431 1522 460 unus

459 489 599 544 Quem
621 503 756 548 puero
775 488 966 541 memini,
995 487 1147 530 ductor
1169 486 1418 529 fortissimus
1440 486 1592 541 armis,

459 556 669 600 Conditor
691 567 733 599 et
753 555 897 615 legum
917 555 1231 609 celeberrimus,
1255 571 1330 597 ore
1351 569 1567 613 manuque

459 626 687 669 Consultor
708 627 873 685 patriae,
897 625 973 668 sed
996 641 1084 667 non
1106 624 1323 667 consultor
1344 623 1557 667 habendae

457 695 730 755 Relligionis;
756 710 902 736 amans
925 704 988 736 ter
1009 704 1180 736 centum
1198 693 1330 735 millia
1349 693 1521 746 Divum,

459 766 699 824 Augustum
721 774 848 822 caput
870 773 966 805 ante
989 762 1121 822 pedes
1142 777 1315 805 curvare
1337 763 1542 805 Minervae

459 831 617 875 Fictilis
639 842 683 874 et
703 830 838 873 soleas
859 831 881 872 J
884 831 1037 873 unonis
1058 831 1264 884 lambere,
1286 831 1441 889 plantis

459 900 654 944 Herculis
677 899 862 952 advolvi,
887 915 1026 959 genua
1047 900 1236 942 incerare
1258 900 1423 942 Dianae.

459 971 588 1013 Forte
609 969 734 1011 litans
755 969 947 1010 Hecaten
968 967 1167 1027 placabat
1190 969 1395 1029 sanguine
1418 968 1554 1011 multo

460 1039 645 1083 Vittatus
664 1037 718 1080 de
740 1052 861 1079 more
883 1052 1028 1090 senex,
1052 1038 1334 1096 manibusque
1353 1039 1537 1082 cruentis

460 1106 691 1150 Tractabat
710 1105 898 1165 trepidas
917 1105 1034 1148 letali
1054 1105 1211 1164 frigore
1232 1105 1375 1161 fibras,

460 1176 789 1232 Postremosque
813 1174 944 1216 animi
964 1174 1109 1233 pulsus
1129 1174 1175 1216 in
1194 1175 1325 1218 corde
1348 1177 1527 1235 tepenti,

461 1243 649 1286 Callidus
669 1243 895 1301 interpres,
918 1243 1107 1285 numeris
1129 1254 1172 1286 et
1192 1241 1276 1286 fine
1298 1244 1500 1298 notabat,

463 1314 574 1354 Cum
594 1311 735 1354 subito
758 1311 970 1354 exclamat
990 1312 1134 1354 media
1155 1312 1268 1355 inter
1289 1327 1407 1355 sacra
1429 1311 1626 1356 sacerdos

462 1381 651 1424 Pallidus
678 1397 688 1424 z
718 1403 736 1419 «
763 1382 831 1423 En
852 1381 957 1440 quid
979 1381 1089 1441 ago?
1111 1384 1263 1439 majus,
1287 1398 1364 1425 rex
1387 1384 1572 1442 optime,
1596 1385 1732 1440 majus

463 1452 652 1506 Numen,
677 1452 822 1493 nescio
844 1451 982 1509 quod,
1003 1453 1159 1494 nostris
1178 1453 1408 1495 intervenit
1433 1454 1515 1496 aris
1538 1468 1548 1496 z

466 1519 633 1563 Accitas
655 1519 783 1562 video
810 1520 939 1580 longe
962 1519 1194 1580 dispergier
1215 1521 1405 1563 umbras.

463 1589 619 1632 Nescio
642 1590 735 1648 quis
757 1599 870 1632 certe
892 1589 1102 1649 subrepsit
1124 1590 1457 1632 christicolarum

464 1658 547 1700 Hic
564 1659 770 1714 juvenum
791 1673 801 1700 z
822 1673 955 1717 genus
965 1658 1050 1701 hoc
1064 1659 1290 1701 hominum
1301 1660 1446 1702 tremit
1461 1658 1595 1703 infula
1613 1670 1656 1703 et
1671 1674 1799 1702 omne

464 1726 665 1769 Pulvinar
691 1726 839 1769 divum
862 1742 872 1769 :
896 1727 1008 1769 lotus
1029 1727 1178 1787 procul
1200 1728 1308 1770 absit
1330 1739 1374 1770 et
1394 1738 1561 1784 unctus,

463 1794 649 1837 Pulchra
669 1795 910 1838 reformatis
930 1795 1081 1839 redeat
1102 1796 1356 1855 Proserpina
1379 1797 1521 1840 sacris.
1547 1817 1563 1834 »

465 1864 600 1918 Dixit,
626 1875 670 1907 et
690 1865 914 1924 exsanguis
935 1864 1177 1919 collabitur,
1204 1881 1253 1908 ac
1272 1865 1390 1908 velut
1410 1867 1549 1925 ipsum

464 1935 669 1978 Cerneret
689 1945 857 1978 exserto
879 1934 1151 1993 minitantem
1172 1934 1351 1978 fulmine
1373 1936 1604 1979 Christum.

462 2003 559 2061 Ipse
581 2018 752 2062 quoque
775 2003 997 2056 exanimis,
1022 2004 1163 2062 posito
1186 2003 1447 2058 diademate,
1469 2005 1665 2064 princeps

466 2069 603 2114 Pallet
623 2080 667 2113 et
688 2081 872 2114 astantes
893 2071 1177 2130 circumspicit
1193 2104 1204 2125 ‚
1230 2073 1372 2131 ecquis
1394 2072 1590 2115 alumnus

466 2140 713 2183 Chrismatis
735 2140 937 2200 inscripto
959 2141 1145 2201 signaret
1164 2152 1360 2200 tempora
1381 2142 1525 2201 signo,

465 2209 552 2263 Qui
573 2210 860 2252 Zoroastraeos
879 2210 1090 2252 turbasset
1111 2209 1254 2252 fronte
1277 2209 1494 2252 susurros?

464 2278 662 2337 Armiger
683 2294 707 2321 e
729 2293 868 2321 cuneo
891 2293 1123 2337 puerorum
1144 2276 1512 2320 flavicomantum¹

464 2346 674 2406 Purpurei
695 2359 835 2391 custos
856 2347 998 2390 lateris
1022 2346 1302 2406 deprenditur
1322 2362 1454 2401 unus,

465 2414 556 2458 Nec
575 2427 719 2476 negat,
743 2427 786 2459 et
806 2417 978 2476 gemino
1001 2426 1214 2475 gemmata
1234 2415 1402 2457 hastilia
1424 2414 1537 2458 ferro

464 2483 654 2540 Projicit,
681 2501 729 2527 ac
750 2486 918 2544 signum
941 2484 1095 2526 Christi
1117 2500 1160 2526 se
1182 2484 1291 2526 ferre
1314 2483 1486 2527 fatetur.

465 2552 664 2595 Prosiluit
686 2553 880 2613 pavidus,
904 2553 1070 2610 dejecto
1095 2553 1296 2605 antistite,
1320 2553 1533 2612 princeps,

429 2711 484 2759 (1)
514 2711 614 2750 Hinc
631 2713 810 2751 Heinsius
826 2713 942 2751 infert
958 2713 1064 2751 hunc
1081 2712 1314 2765 armigerum
1327 2725 1348 2751 e
1366 2710 1604 2764 praetorianis
1620 2708 1803 2749 militibus

373 2773 596 2822 Germanis,
612 2783 679 2814 aut
697 2775 780 2814 aliis
797 2775 1159 2828 septentrionalibus
1178 2775 1332 2828 populis
1351 2775 1488 2822 fuisse,
1509 2773 1614 2826 quod
1629 2773 1686 2812 illi
1703 2772 1803 2811 sole-

374 2843 462 2876 rent
479 2835 623 2877 habere
641 2838 762 2877 flavos
780 2839 957 2891 capillos,
980 2848 1018 2877 et
1033 2839 1189 2890 quidem
1207 2838 1429 2891 promissos.
1457 2839 1537 2885 (R.)
