2002 3418
374 370 450 405 292
777 370 843 406 DE
874 368 1057 406 GLORIA
1083 369 1363 406 MARTYRUM
1370 396 1378 404 .

374 475 480 505 rum
509 459 785 524 plerumque
814 458 938 505 ultor
959 474 1145 505 severus
1167 457 1331 505 existit.
1369 460 1596 522 Tempore
1621 466 1777 504 autem

376 536 456 582 illo
479 552 575 599 quo
595 546 760 583 contra
781 535 1165 583 Gundovaldum¹
1189 544 1454 583 commotus
1471 535 1698 582 exercitus
1718 534 1779 582 ad

375 615 774 661 Conveniensem'
799 614 966 661 urbem
983 614 1186 661 directus
1209 623 1293 673 est,
1314 612 1375 659 ab
1396 612 1538 675 huj-us
1554 611 1781 660 hostilita-

374 691 433 738 tis
454 691 754 739 multitudine
771 691 965 739 basilica
982 691 1080 755 ejus
1102 690 1299 738 vallatur
1315 699 1429 737 tota.
1458 692 1568 736 Erat
1586 689 1781 736 enimin

375 785 431 817 ea
454 768 588 834 plebs
607 786 717 816 cum
739 769 956 816 omnium
974 785 1133 815 rerum
1156 784 1348 815 suarum
1371 766 1606 832 praesidio,
1636 765 1784 814 confi·

375 845 494 893 dens
514 846 574 893 de
593 846 854 893 reverentia
875 846 1108 910 martyris,
1130 845 1261 909 quod
1282 845 1438 892 nullus
1452 861 1509 892 ea
1528 860 1785 909 praesump-

378 923 504 969 tione
524 923 773 970 temeraria
795 922 989 970 auderet
1008 923 1257 986 attingere,
1279 933 1350 984 et,
1371 921 1600 969 obseratis
1627 920 1781 982 ostiis,

375 1016 425 1045 se
445 998 507 1045 ab
527 999 652 1045 intus
674 1015 784 1045 cum
799 998 941 1045 rebus
962 999 1230 1046 incluserat.
1254 997 1610 1046 Circumdantes
1628 1007 1786 1045 autem

375 1071 551 1134 hostes,
578 1088 688 1119 cum
714 1071 895 1119 aditum
917 1089 1003 1137 per
1024 1088 1166 1137 quem
1196 1072 1552 1136 ingrederentur
1574 1072 1787 1120 invenire

376 1166 473 1196 non
499 1159 708 1214 possent,
740 1149 900 1213 ignem
924 1150 1053 1196 ostiis
1081 1148 1193 1197 aedis
1218 1148 1501 1212 subjiciunt,
1538 1165 1682 1214 quam
1704 1148 1787 1196 diu

377 1227 673 1291 multumque
696 1226 1053 1288 succendentes,
1076 1242 1175 1274 non
1197 1225 1677 1291 apprehendebantur
1689 1226 1787 1274 val·

377 1321 467 1367 vae,
503 1303 659 1351 donec
691 1304 746 1351 iis
773 1305 981 1369 impulsu
1001 1304 1237 1352 securium
1266 1303 1570 1351 comminutis
1596 1302 1790 1367 ingressi

377 1391 488 1428 sunt
501 1419 514 1443 ,
558 1380 831 1447 diripientes
869 1399 944 1430 res
981 1382 1310 1448 populumque
1349 1381 1584 1430 inclusum
1620 1381 1671 1429 in
1708 1396 1791 1428 ore

378 1459 520 1522 gladii
534 1460 839 1509 trucidantes.
858 1460 950 1508 Sed
964 1476 1064 1508 non
1077 1460 1159 1508 diu
1178 1459 1280 1507 haec
1294 1475 1368 1507 res
1383 1459 1606 1507 remansit
1621 1458 1786 1507 inulta.

379 1539 498 1584 Nam
517 1538 595 1586 alii
619 1554 648 1586 a
670 1538 887 1586 daemone
904 1538 1111 1604 correpti
1125 1575 1138 1600 ,
1171 1538 1390 1585 nonnulli
1410 1538 1460 1585 in
1485 1538 1681 1586 flumine
1699 1539 1791 1585 Ga·

378 1617 582 1662 rumnae’
604 1616 774 1678 necati,
797 1615 932 1663 multi
954 1616 1098 1662 etiam
1119 1632 1148 1663 a
1171 1614 1343 1679 frigore
1368 1615 1603 1681 occupati,
1635 1613 1791 1662 diver-

379 1692 440 1738 sis
455 1692 506 1739 in
525 1692 739 1757 partibus
755 1693 1049 1740 diversorum
1070 1691 1352 1740 morborum
1370 1708 1539 1756 genere
1561 1690 1793 1739 vexaban-

379 1779 471 1816 tur.
495 1772 615 1816 Nam
636 1770 734 1817 vidi
755 1786 812 1818 ex
831 1770 897 1818 eis
919 1769 1093 1818 multos
1111 1769 1160 1817 in
1178 1769 1414 1816 Turonico
1436 1768 1687 1829 territorio,
1711 1768 1794 1833 qui

379 1844 429 1891 in
450 1844 546 1892 hoc
569 1845 754 1894 fuerant
774 1846 906 1894 mixti
930 1846 1122 1907 scelere,
1154 1846 1356 1910 graviter
1376 1845 1602 1893 trucidari
1615 1881 1628 1907 ,
1656 1853 1702 1892 et
1722 1861 1795 1891 us-

382 1938 475 1984 que
496 1922 558 1970 ad
583 1923 688 1970 vitae
719 1923 960 1988 proesentis
983 1922 1289 1970 amissionem
1318 1921 1688 1970 intolerabilium
1707 1920 1795 1968 do-

381 1997 540 2044 lorum
555 1998 766 2046 cruciatu
784 1998 993 2063 torqueri
1007 2016 1019 2057 ;
1038 1997 1175 2044 multi
1194 1997 1323 2043 enim
1339 2013 1397 2044 ex
1414 1996 1487 2043 his
1503 1995 1796 2044 confiteban-

383 2084 460 2120 tur
490 2091 538 2122 se
565 2075 746 2138 judicio
765 2077 870 2137 Dei,
899 2075 963 2123 ob
990 2075 1214 2140 injuriam,
1235 2074 1467 2138 martyris,
1494 2073 1632 2121 fuisse
1656 2073 1798 2122 morti

384 2153 594 2216 pessimae
616 2152 889 2201 destinatos.
916 2156 1036 2201 Ecce
1058 2162 1290 2217 quantum
1313 2154 1439 2199 Deus
1466 2160 1652 2216 praestat
1675 2167 1798 2199 mar-

387 2229 566 2293 tyribus
590 2231 707 2288 suis3
743 2246 854 2278 ecce
884 2229 1103 2294 qualibus
1131 2229 1324 2277 eosdem
1344 2228 1566 2277 laudibus
1587 2227 1798 2275 Christus

386 2307 618 2355 Dominus
648 2306 886 2356 bellorum
916 2306 1127 2355 fidelium
1159 2307 1397 2372 inspector
1421 2306 1627 2353 honorat
1639 2323 1658 2365 3-
1687 2322 1798 2354 ecce

388 2394 619 2447 quantum
642 2394 829 2449 praestat
851 2384 996 2448 ipsius
1017 2383 1222 2430 nominis
1243 2382 1444 2446 dignitas
1478 2382 1735 2444 christiani,
1759 2382 1797 2429 si

389 2478 507 2523 non,
527 2463 772 2525 gentilium
784 2478 934 2523 more,
947 2471 1028 2509 aut
1042 2461 1276 2510 inhiemus
1291 2460 1551 2526 cupiditati,
1566 2470 1648 2508 aut
1661 2460 1797 2508 luxu-

389 2538 467 2585 riae
490 2540 764 2587 serviamus.

443 2718 497 2772 (1)
521 2723 836 2769 Gundowaldum,
857 2722 986 2769 22043
1008 2724 1284 2762 Gundovoldum
1297 2753 1308 2771 ‚
1329 2724 1448 2762 2205.

443 2781 497 2835 (Ξ)
519 2784 791 2822 Conveniensim
803 2811 816 2832 ,
835 2785 954 2822 2204.

444 2845 499 2896 (3)
521 2846 721 2893 Garonnae,
741 2846 845 2883 2201.
864 2852 902 2883 et
919 2847 1044 2893 2205;
1068 2848 1251 2897 Garomze,
1273 2861 1383 2900 supp.
1412 2849 1503 2887 478.
