2002 3418
433 352 483 389 46
833 352 897 391 DE
927 353 1113 391 GLORIA
1142 354 1421 391 MARTYRUM
1427 382 1435 391 .

433 439 582 501 dono,
614 441 809 487 surrexit
839 445 867 489 a
895 442 1184 506 pavimento,
1211 441 1425 505 factaque
1451 442 1639 505 capsula
1665 459 1832 504 aurea,

432 518 481 563 in
495 533 550 564 ea
570 517 834 564 recondidit
856 535 959 581 quae
975 519 1184 565 Domino
1205 518 1429 581 largiente
1448 529 1696 580 meruerat,
1713 530 1759 566 et
1771 521 1837 566 sic

432 594 640 657 gaudens
660 597 885 642 remeavit
904 596 966 643 ad
990 597 1181 661 propria
1204 614 1214 641 ε
1242 596 1581 661 impletumque
1601 606 1670 643 est
1690 596 1739 643 in
1758 597 1838 644 illa

432 671 564 735 quod
593 673 826 722 Dominus
856 674 922 721 ait
955 675 1004 720 in
1038 674 1291 737 Evangelio
1327 692 1338 719 z
1365 676 1523 720 Amen
1558 672 1660 720 dico
1694 673 1833 730 vobis,

431 747 558 814 quod
571 766 613 794 sc
610 750 998 812 perseveraverit
1007 750 1229 815 pulsans,
1255 761 1301 797 et
1323 752 1369 797 si
1390 767 1486 796 non
1505 761 1661 816 surgzt
1670 767 1767 815 pro
1783 766 1838 797 eo

431 824 558 910 quod
589 828 770 873 amicus
807 845 909 892 ejus
939 829 1027 890 sit,
1063 838 1261 892 propter
1298 827 1643 892 improbitatem
1682 839 1840 875 tumen

431 919 535 966 eJus
556 915 737 968 surget,
757 915 806 951 et
822 904 994 952 tribuet
1013 922 1055 951 el
1075 916 1299 970 quotquot
1317 904 1455 952 habet
1471 906 1785 952 necessarios¹

496 981 607 1026 Post
638 980 739 1027 haec
773 991 866 1028 tres
899 982 1107 1048 episcopi
1150 981 1452 1030 advenientes
1483 981 1544 1029 de
1575 981 1840 1030 civitatibus

432 1056 528 1103 suis
551 1055 613 1103 ad
636 1056 937 1104 adorandum
958 1058 1007 1104 in
1033 1059 1128 1104 hoc
1150 1059 1275 1120 loco,
1300 1059 1553 1107 voluerunt
1572 1069 1755 1124 partem
1779 1059 1839 1106 de

431 1134 527 1181 hoc
541 1135 738 1199 pignore
753 1136 920 1183 elicere
942 1154 952 1181 ε
973 1137 1223 1201 positoque
1239 1137 1290 1183 in
1306 1137 1485 1200 medio,
1507 1137 1839 1184 nihilomnino

432 1211 614 1259 auferre
638 1222 911 1277 potuerunt.
935 1216 1067 1260 Tunc
1087 1230 1186 1260 una
1211 1214 1455 1276 vigilantes
1482 1224 1646 1276 nocte,
1676 1214 1842 1279 depre-

432 1289 524 1336 cati
554 1299 664 1336 sunt
691 1300 743 1337 ut
776 1291 954 1355 aliquid
987 1301 1280 1338 mererentur
1311 1308 1340 1339 a
1373 1292 1566 1357 pollice3
1591 1293 1841 1357 positoque

431 1366 520 1414 sub
546 1383 605 1414 eo
627 1368 791 1432 linteo,
826 1368 951 1416 dum·
975 1379 1159 1434 partem
1186 1369 1368 1417 auferre
1391 1380 1641 1431 conantur,
1666 1386 1764 1418 una
1783 1387 1840 1418 ex

431 1461 490 1491 eo
522 1455 652 1508 gutta
683 1447 923 1508 sanguinis
947 1447 1117 1493 cecidit
1146 1463 1286 1512 super
1318 1447 1533 1494 linteum.
1568 1447 1712 1505 Quod
1738 1464 1840 1495 cer-

432 1531 614 1584 nentes,
636 1522 755 1569 duas
772 1522 995 1588 deinceps
1014 1533 1177 1570 noctes
1191 1524 1400 1586 vigilant.
1424 1524 1608 1571 Deinde
1623 1525 1842 1589 prostrati

431 1615 595 1646 coram
617 1610 779 1647 sancto
798 1601 958 1662 altari,
987 1601 1104 1648 dum
1127 1601 1394 1666 supplicant
1423 1611 1478 1647 ut
1507 1601 1663 1648 adhuc
1690 1601 1841 1665 majus

431 1675 610 1740 aliquid
632 1687 902 1724 mereantur
923 1694 952 1725 a
973 1678 1167 1743 pollice,
1201 1678 1306 1724 duae
1327 1679 1498 1724 iterum
1519 1694 1576 1725 ex
1604 1694 1662 1725 eo
1695 1668 1840 1726 fluxe·

432 1763 544 1800 runt
566 1764 718 1818 guttae.
748 1757 805 1802 At
826 1756 893 1802 illi
918 1755 1084 1819 gavisi,
1123 1755 1394 1818 colligentes
1429 1755 1599 1803 devote
1623 1772 1727 1820 quae
1747 1758 1841 1802 Do-

431 1831 588 1878 minus
622 1831 837 1894 dederat,
860 1833 993 1896 juxta
1015 1849 1270 1879 numerum
1292 1849 1430 1879 suum
1464 1832 1724 1880 diviserunt
1754 1833 1840 1879 lin·

430 1916 562 1954 teum
575 1925 687 1955 cum
703 1909 842 1972 guttis
851 1910 963 1971 suis,
984 1926 1089 1974 quae
1107 1926 1207 1956 non
1226 1910 1326 1957 sine
1346 1910 1511 1973 grandi
1528 1910 1840 1958 admiratione

430 1984 628 2033 urbibus
649 1986 924 2033 intulerunt.

494 2065 554 2109 Et
577 2066 689 2127 quia
717 2063 851 2110 locus
883 2063 959 2110 ille
988 2063 1356 2111 Mauriennensis
1383 2063 1445 2111 ad
1471 2065 1806 2112 Taurinensem
1819 2067 1835 2090 ²

430 2139 697 2204 quondam⁸
722 2139 893 2188 urbem
914 2140 1202 2205 pertinebat,
1236 2151 1451 2206 tempore
1472 2141 1553 2189 illo
1576 2158 1673 2205 quo
1696 2141 1839 2188 Rufus

430 2229 529 2266 erat
549 2219 798 2284 episcopus
811 2256 824 2280 ,
847 2218 911 2266 ait
931 2218 1295 2266 archidiaconus
1317 2219 1418 2281 ejus
1434 2219 1496 2266 ad
1515 2235 1626 2265 eum
1646 2237 1656 2265 :
1687 2239 1710 2262 «
1731 2222 1837 2265 Non

486 2398 540 2445 (1)
558 2399 639 2434 Luc
656 2408 714 2443 xl,
735 2396 887 2445 8.-(2)
905 2394 977 2433 Hic
995 2403 1033 2432 et
1048 2394 1147 2433 infra
1163 2409 1172 2432 :
1198 2398 1474 2442 Taurinensim,
1493 2396 1612 2443 2204,
1634 2408 1719 2447 sup.
1742 2397 1834 2436 478.

483 2463 537 2510 (3)
557 2460 665 2501 Colb.
687 2474 724 2508 a,
745 2462 962 2511 quamdam.
985 2459 1088 2498 Urbs
1109 2459 1174 2498 illa
1195 2458 1361 2511 primum
1387 2459 1437 2498 ad
1454 2459 1724 2499 Tam-inensem
1741 2460 1835 2499 dioe-

429 2524 544 2563 cesim
578 2523 759 2575 pertinuit
781 2539 789 2561 :
825 2532 906 2561 tum
931 2535 955 2561 a
976 2521 1131 2560 Francis
1162 2520 1233 2560 sub
1261 2523 1499 2561 Guntramno
1533 2535 1623 2575 rege
1652 2531 1837 2575 occupata

429 2587 650 2639 episcopum
682 2585 879 2639 proprium
916 2584 1099 2633 obtinuit,
1133 2584 1199 2636 qui
1229 2585 1511 2624 Darentasiensi
1545 2585 1835 2638 metropolitano

428 2648 631 2688 attributus
654 2658 724 2688 est.
750 2649 850 2687 Hinc
871 2648 912 2686 in
934 2648 1091 2686 vetustis
1110 2646 1337 2699 quibusdam
1355 2648 1498 2687 notitiis
1514 2648 1614 2688 inter
1629 2648 1835 2701 provinciae

429 2711 583 2764 Alpium
606 2712 806 2753 Graiarum
830 2720 868 2750 et
890 2711 1147 2751 Penninarum
1171 2711 1363 2759 civitates,
1383 2711 1582 2751 Morienna
1598 2711 1732 2751 ultimo
1748 2712 1834 2751 loco

429 2783 661 2814 recensetur.
681 2777 736 2814 Ea
755 2784 881 2813 tamen
899 2774 948 2813 de
970 2787 1013 2813 re
1035 2783 1264 2831 conquestus
1288 2784 1345 2814 est
1360 2775 1572 2825 Ursicinus,
1595 2774 1834 2814 Tam-inensis

430 2837 628 2890 episcopus
643 2867 653 2886 ‚
686 2847 727 2876 ut
751 2846 853 2890 patet
870 2850 919 2876 ex
938 2837 1110 2890 Gregorii
1127 2837 1257 2890 Magni
1273 2838 1431 2891 epistola
1447 2838 1497 2878 ad
1514 2837 1730 2890 Syagrium,
1750 2837 1830 2890 epi-
