2002 3418
433 368 510 405 152
569 370 573 375 '
838 370 904 406 DE
931 369 1118 407 GLORIA
1143 367 1442 407 MARTYRUM.

1010 499 1166 535 CAPUT
1189 499 1270 534 LII.

886 595 938 629 De
953 602 1072 629 sancto
1093 592 1358 641 Symphoriano
1369 592 1380 613 ¹
1389 621 1397 630 .

499 692 874 759 Symphorianus
885 695 899 718 ²
917 702 1094 757 martyr
1111 693 1239 758 apud
1256 691 1753 756 Augustodunensem⁸
1765 708 1845 739 ur·

433 770 547 817 bem
562 771 842 835 martyrium
860 771 1208 818 consummavit
1221 772 1251 817 ⁴.
1272 773 1343 817 De
1358 771 1467 817 loco
1487 779 1646 817 autem
1660 769 1743 816 illo
1761 768 1847 815 ubi

435 847 592 912 gladio
619 864 868 912 percussus
896 857 967 894 est
996 857 1043 895 et
1073 848 1262 911 sanguis
1294 848 1395 914 ejus
1419 847 1599 894 effluxit
1613 884 1626 908 ,
1652 845 1851 910 quidam

434 925 678 988 religiosus
695 935 788 972 tres
807 925 993 990 lapillos
1010 941 1120 972 cum
1141 926 1244 991 ipso
1264 925 1492 988 sanguine
1513 925 1704 986 levavit,
1732 934 1780 971 et
1801 924 1851 970 in

436 1018 578 1068 capsa
610 1012 831 1065 argentea
867 1000 1139 1049 reconditos
1169 1003 1220 1049 in
1254 1002 1501 1050 ecclesiam
1537 1002 1704 1066 ligneis
1738 1017 1851 1048 con-

437 1089 662 1127 structam
681 1078 873 1140 tabulis,
898 1078 1028 1143 apud
1048 1079 1355 1142 Thigernum⁵
1382 1089 1588 1126 castrum
1609 1078 1742 1127 urbis
1766 1081 1851 1124 Ar-

436 1173 612 1217 vernae,
637 1156 688 1202 in
712 1156 848 1204 altari
875 1165 1041 1204 sancto
1062 1157 1253 1204 locavit.
1279 1160 1510 1222 Tempore
1538 1159 1724 1205 autem⁶
1752 1172 1852 1220 quo

437 1232 761 1280 Theodericus
794 1250 877 1281 rex
903 1236 1195 1281 Francorum
1226 1234 1471 1297 regionem
1504 1234 1634 1282 illam
1658 1234 1850 1294 evertit,

438 1307 534 1354 hoc
552 1317 758 1355 castrum
779 1307 841 1355 ab
863 1307 1080 1355 hostibus
1097 1308 1321 1356 incendio
1343 1318 1691 1356 concrematur.
1715 1310 1854 1355 Cum-

442 1398 536 1445 que
561 1380 622 1429 ab
638 1382 839 1429 aliarum
861 1381 1119 1430 domorum
1137 1384 1382 1431 exustione
1402 1384 1575 1431 domus
1595 1384 1700 1445 Dei,
1728 1399 1850 1447 quae,

441 1467 495 1504 ut
515 1457 745 1521 diximus,
773 1460 939 1523 ligneis
968 1470 1068 1507 erat
1089 1460 1262 1508 tabulis
1294 1460 1548 1523 fabricata,
1571 1461 1670 1524 igni
1690 1476 1859 1525 appre-

441 1535 592 1583 hensa
601 1547 975 1598 consumeretur,
987 1538 1155 1602 populi
1169 1538 1446 1603 plangentes
1456 1537 1704 1585 dicebant}
1727 1556 1751 1582 «
1768 1538 1860 1584 Uti-

446 1628 560 1659 nam
577 1613 653 1660 vel
670 1612 820 1661 beatae
841 1615 1049 1678 reliquiae
1070 1631 1170 1661 non
1189 1614 1460 1680 periissent!
1484 1635 1507 1658 »
1530 1618 1732 1676 Interea,
1748 1631 1859 1661 cum

446 1706 709 1755 prunarum
729 1708 929 1755 magnus
950 1702 1070 1739 esset
1089 1691 1150 1739 de
1167 1691 1391 1739 incendio
1419 1708 1616 1739 acervus
1638 1691 1857 1753 effectus,

446 1767 605 1814 subito
620 1768 844 1831 aquilone
858 1769 1001 1816 flante
1017 1779 1158 1834 atque
1174 1780 1359 1831 urente,
1376 1769 1682 1816 vehementer
1697 1769 1862 1818 favillae

447 1844 510 1891 ab
523 1845 748 1892 incendio
766 1846 938 1893 relictae
955 1863 1040 1911 per
1061 1846 1246 1894 diversa
1257 1847 1515 1911 jaciuntur,
1534 1857 1581 1894 et
1594 1863 1705 1894 ecce
1722 1863 1874 1913 capsa!

449 1922 529 1969 illa
549 1931 744 1985 argenta
767 1922 909 1990 illaesa
927 1923 1162 1987 refulgens
1182 1933 1412 1987 tanquam
1433 1923 1564 1972 sidus
1584 1925 1863 1989 praeclarum

449 2000 682 2066 apparuit.
709 2000 993 2063 Colligentes
1017 2011 1176 2048 autem
1194 2017 1301 2048 eam
1319 2001 1402 2065 qui
1420 2010 1536 2048 tunc
1557 2001 1755 2049 aderant
1775 2002 1865 2049 cle-

451 2078 552 2138 rici,
571 2078 880 2141 requirentes,
900 2078 1019 2124 nihil
1035 2078 1095 2126 de
1112 2077 1264 2126 beatis
1281 2078 1560 2143 pignoribus
1576 2078 1865 2128 diminutum

451 2156 754 2221 reperientes,
778 2156 934 2203 mirati
955 2166 1066 2202 sunt
1085 2157 1206 2203 inter
1227 2166 1323 2204 tam
1347 2156 1505 2204 valida
1525 2155 1747 2204 incendia
1764 2174 1865 2222 spe-

452 2235 575 2282 ciem
603 2243 702 2282 tam
724 2243 919 2281 tenuem
946 2234 1012 2281 sic
1040 2233 1179 2281 fuisse
1209 2234 1435 2281 salvatam
1449 2271 1462 2295 ,
1488 2234 1539 2280 in
1566 2250 1685 2298 qua,
1719 2244 1773 2280 ut
1800 2235 1865 2282 ita

452 2312 610 2359 dicam
623 2349 635 2373 ,
668 2328 767 2358 non
790 2311 946 2358 solum
966 2311 1067 2359 haec
1081 2348 1094 2372 ,
1119 2310 1203 2358 sed
1223 2311 1367 2358 etiam
1389 2311 1517 2358 mille
1536 2310 1668 2358 librae
1684 2312 1866 2374 argenti

507 2477 563 2531 (1)
582 2480 641 2515 De
657 2480 832 2527 reliquiis
852 2478 976 2514 sancti
989 2479 1019 2516 S
1013 2477 1257 2527 ymphoriane'
1275 2486 1406 2522 mart„
1427 2477 1547 2517 2205.

505 2547 560 2594 (2)
578 2548 695 2584 Deest
710 2545 786 2584 hoc
803 2554 919 2598 caput
936 2545 976 2583 in
995 2546 1082 2585 cod.
1103 2545 1213 2587 Colb.
1232 2553 1303 2584 tut.
1324 2545 1432 2584 Idem
1450 2559 1544 2584 vero
1563 2559 1652 2584 cum
1671 2546 1867 2597 sequenti-

451 2606 525 2645 bus
551 2607 600 2645 ad
629 2620 716 2660 cap.
744 2621 827 2646 nvn
854 2607 1040 2646 inclusive
1062 2608 1168 2646 deest
1192 2608 1233 2646 in
1263 2609 1364 2647 Clar.
1390 2607 1441 2656 b3
1471 2609 1512 2646 in
1540 2608 1661 2646 altero
1690 2608 1792 2647 Clar.
1819 2607 1867 2646 ad

452 2682 538 2720 cap.
559 2682 641 2710 LVI.
663 2673 758 2707 Acta
786 2669 905 2707 sancti
929 2669 1198 2721 symphoriani
1220 2670 1405 2708 edidimus
1427 2670 1527 2708 inter
1547 2670 1693 2708 sincera
1723 2672 1868 2721 Marty—

452 2744 559 2779 rum,
583 2744 625 2782 p.
652 2734 718 2778 69,
739 2731 806 2769 ubi
825 2732 935 2782 plura
955 2732 1004 2770 de
1019 2732 1086 2770 illo
1106 2731 1409 2774 observavimus,
1431 2736 1514 2781 (R.)

506 2796 562 2843 (3)
579 2796 935 2844 Augustidunensim
951 2825 961 2844 ‚
987 2791 1077 2847 sup,
1097 2798 1189 2836 478.
1209 2819 1263 2825 —
1281 2798 1335 2845 (4)
1352 2798 1428 2834 An.
1450 2798 1543 2844 179,
1562 2797 1614 2833 22
1633 2808 1725 2848 aug.
1744 2798 1827 2845 (R.)

506 2858 562 2904 (5)
577 2858 625 2894 V.
645 2855 761 2903 infra,
781 2870 865 2909 cap.
888 2871 1010 2899 vau.
1026 2880 1077 2888 -
1098 2858 1155 2910 (6)
1175 2858 1264 2901 vid.
1284 2859 1351 2898 lib.
1372 2862 1431 2898 III
1459 2859 1574 2906 nist„
1595 2871 1682 2911 cap.
1704 2873 1776 2897 xn.
