2002 3418
251 245 327 283 166
653 245 720 282 DE
750 245 938 284 GLORIA
966 246 1260 284 MARTYRUM.

250 350 350 382 esse
376 333 605 381 futurum.
627 334 696 381 Ad
717 334 816 398 ejus
843 335 1112 400 sepulcrum
1131 333 1364 397 dirigitur,
1389 345 1664 400 prostratus-

251 428 345 475 que
377 412 498 475 solo,
532 411 792 460 diutissime
821 415 1087 461 orationem
1118 413 1238 460 fudit
1268 413 1331 460 ad
1364 414 1659 462 Dominum:

249 489 441 551 dehinc,
474 490 690 555 expansis
712 507 799 556 per
827 491 1155 556 pavimentum
1184 489 1393 538 brachiis
1409 528 1422 551 ,
1450 491 1666 555 spiritum

251 569 373 614 coelo
404 566 574 614 direxit
598 585 609 614 ε
642 568 725 632 qui
746 585 776 616 a
798 568 1064 616 christianis
1091 568 1338 629 collectuS,
1370 568 1419 614 in
1448 567 1549 633 ipsa
1572 584 1668 633 qua

250 645 454 692 diximus
493 656 658 711 crypta
672 684 684 708 ,
715 647 965 712 sepulturae
1004 647 1257 695 mandatus
1298 656 1382 694 est.
1421 646 1492 693 Ad
1535 646 1669 710 cujus

251 724 545 772 festivitatem
574 741 708 786 cum,
730 735 946 791 tempore
970 725 1208 789 quodam,
1235 725 1474 771 innumeri
1502 724 1669 789 populi

250 804 563 850 convenirent
578 842 590 865 ‚
643 805 833 867 negotia
883 804 1032 851 multa
1075 804 1124 850 in
1176 804 1295 851 atrio
1347 803 1665 868 protulerunt.

249 881 412 928 Puella
434 897 544 928 vero
571 899 670 929 una
691 898 750 928 ex
769 882 1120 929 habitatoribus
1146 882 1241 928 loci
1271 881 1524 928 stationem
1552 880 1668 943 adit,

251 958 385 1022 quasi
406 958 587 1021 aliquid
609 968 910 1024 coemptura,
936 960 1237 1024 speciemque
1259 958 1349 1006 sibi
1370 969 1530 1024 aptam
1554 959 1674 1024 aspi-

251 1036 380 1081 ciens
410 1052 440 1083 a
474 1036 768 1098 negotiatore
804 1037 1026 1101 suscepit.
1066 1040 1125 1083 Et
1165 1039 1322 1084 statim
1365 1037 1494 1084 dicto
1535 1038 1672 1084 citius

249 1122 519 1177 porrectam
555 1113 690 1160 alteri
719 1124 861 1177 negat
893 1131 942 1160 se
976 1114 1227 1179 accepisse.
1255 1115 1529 1178 Negotiator
1557 1132 1672 1162 vero

251 1191 430 1238 intente
457 1190 616 1238 aiebat
642 1209 652 1238 :
694 1212 717 1237 «
745 1194 854 1239 Mea
875 1209 982 1240 eam
1002 1191 1090 1239 tibi
1114 1208 1263 1239 manu
1286 1193 1492 1258 protuli,
1525 1204 1674 1257 tuque

253 1266 523 1314 rimandam
557 1269 756 1315 sollicite
787 1269 1047 1334 suscepisti.
1071 1288 1094 1313 »
1124 1270 1301 1334 Illaque
1340 1280 1541 1332 negante
1559 1308 1572 1332 ,
1612 1271 1676 1318 ait

252 1346 521 1409 negotiator
542 1365 552 1392 :
589 1367 611 1389 ι(
635 1347 684 1393 Si
709 1346 796 1394 tibi
822 1357 954 1395 tanta
975 1357 1045 1395 est
1069 1349 1355 1413 pertinacia,
1378 1348 1574 1396 avaritia
1594 1349 1677 1396 sti-

255 1424 492 1485 mulante,
518 1424 742 1487 negandi,
771 1425 951 1488 judicet
978 1426 1095 1473 illud
1124 1425 1293 1473 beatus
1322 1436 1502 1491 martyr
1532 1429 1679 1490 Euge-

255 1503 378 1548 nius.
410 1495 638 1566 Ad‘cujus
656 1503 944 1568 sepulcrum,
969 1505 1007 1550 si
1030 1521 1139 1551 cum
1163 1505 1443 1551 sacramenti
1467 1506 1679 1570 interpo-

257 1580 427 1626 sitione
463 1580 663 1627 edixeris
697 1591 742 1626 te
781 1598 881 1628 non
915 1583 1179 1647 accepisse,
1217 1582 1381 1629 damni
1410 1582 1528 1629 mihi
1559 1582 1678 1628 nihil

257 1658 436 1704 aestimo
470 1658 603 1720 quod
634 1659 786 1705 amisi.
818 1679 840 1702 >2
867 1662 925 1705 At
945 1660 1026 1707 illa
1045 1660 1256 1724 pollicita
1277 1675 1326 1706 se
1348 1675 1486 1723 posse
1506 1676 1562 1706 ex
1583 1659 1678 1706 hoc

257 1736 366 1782 exui
397 1746 711 1797 sacramento,
736 1736 866 1784 vadit
888 1738 1022 1784 ocius
1051 1737 1114 1784 ad
1139 1737 1437 1802 sepulcrum;
1462 1737 1675 1783 elevatis-

258 1829 351 1877 que
379 1812 602 1860 manibus
623 1824 677 1860 ut
693 1814 897 1878 juraret,
923 1815 1162 1880 extemplo
1193 1813 1420 1861 membris
1443 1814 1679 1861 dissolutis

258 1891 456 1954 irriguit,
494 1891 762 1955 plantaeque
793 1893 893 1956 ejus
928 1892 1076 1940 affixae
1111 1902 1222 1939 sunt
1248 1893 1550 1957 paviment03
1586 1908 1678 1938 vox

258 1967 392 2014 haesit
410 1969 460 2014 in
475 1978 678 2031 gutture,
701 1979 890 2016 tantum
906 1986 960 2017 os
977 1970 1194 2035 patulum
1211 1986 1240 2016 a
1257 1985 1477 2016 sermone
1495 1968 1680 2016 nudum

259 2046 438 2094 hiabat.
468 2048 613 2105 Quod
632 2049 898 2111 negotiator
920 2066 1032 2096 cum
1050 2049 1233 2112 reliquo
1255 2049 1437 2113 populo
1461 2064 1676 2110 cernens,

260 2125 326 2171 ait
346 2143 355 2170 :
377 2126 570 2173 «Prosit
581 2125 686 2187 tihi,
705 2127 877 2190 inquit,
890 2127 1041 2190 virgo,
1063 2127 1164 2173 haec
1179 2127 1358 2192 species
1375 2142 1521 2190 quam
1535 2126 1680 2173 tulisti

261 2202 402 2262 mihi;
426 2204 599 2251 sufficit
612 2205 730 2252 ultio
748 2205 858 2251 data
876 2222 961 2269 per
974 2215 1247 2269 martyrem.
1270 2224 1293 2248 n
1313 2207 1371 2251 Et
1381 2204 1484 2251 haec
1496 2204 1676 2266 dicens,

260 2297 289 2327 a
313 2281 422 2328 loco
447 2281 673 2329 discessit.
705 2283 788 2329 Illa
810 2299 942 2343 vero,
969 2283 1017 2329 in
1038 2283 1133 2329 hoc
1154 2291 1395 2329 tormento
1412 2281 1680 2328 'diutissime

261 2357 468 2420 detenta,
503 2359 698 2406 tandem
722 2370 927 2424 martyre
951 2359 1148 2423 jubente
1177 2359 1355 2421 locuta,
1387 2359 1546 2424 palam
1568 2375 1682 2406 con-

261 2434 379 2482 fessa
401 2446 471 2482 est
491 2437 624 2500 quod
646 2437 770 2484 clam
794 2436 939 2484 latere
961 2437 1192 2484 voluerat.
1221 2436 1349 2495 Quid
1373 2437 1488 2500 agis,
1515 2453 1545 2483 o
1567 2436 1682 2483 inse-

260 2512 325 2558 lix
360 2515 589 2562 avaritia?
619 2515 738 2580 quid
775 2515 991 2580 petendis
1023 2515 1165 2562 rebus
1197 2516 1362 2563 alienis
1388 2515 1676 2577 succumbis,

261 2606 397 2638 mens
425 2591 645 2654 feminea,
685 2609 785 2640 non
818 2592 994 2640 virilis?
1029 2596 1089 2640 Ut
1117 2593 1233 2657 quid
1262 2593 1451 2641 firmam
1483 2594 1680 2641 loricam

260 2669 434 2715 mentis
456 2669 647 2718 modica
667 2670 1017 2718 transverberas
1037 2672 1203 2735 sagitta
1224 2670 1527 2738 cupiditatis?
1551 2669 1679 2728 Quid

263 2762 539 2810 congregas,
571 2765 600 2794 o
629 2749 798 2809 homo,
834 2749 936 2795 auri
965 2748 1229 2811 rubiginosi
1255 2750 1454 2811 talenta,
1482 2765 1593 2796 cum
1623 2748 1679 2794 iis
