2002 3418
351 329 426 365 194
751 330 816 366 DE
845 329 1030 366 GLORIA
1057 327 1348 366 MARTYRUM.

351 416 456 479 styli
486 416 608 463 illius
636 417 771 464 lance
800 416 985 464 librata.
1017 420 1230 480 Cumque
1253 416 1352 480 jam
1383 415 1454 463 sol
1481 417 1752 464 occubitum

349 504 542 558 peteret,
578 495 834 560 propinqui
862 494 1045 542 feminae
1077 494 1200 541 illius
1229 494 1491 559 deposcunt
1521 511 1549 542 a
1573 495 1750 558 judice,

348 581 401 618 ut
419 572 580 619 liceret
603 588 690 638 per
711 571 897 619 alveum
921 571 1141 618 torrentis
1159 570 1361 618 cadaver
1382 572 1589 636 parentis
1603 572 1754 636 inqui·

346 666 463 696 rere.
511 653 712 715 Accepta
754 650 912 714 itaque
952 649 1272 712 indulgentia,
1311 649 1657 696 descenderunt
1691 651 1755 698 ad

344 726 505 774 locum
533 728 582 774 in
606 743 703 791 quo
729 728 1016 792 praecipitata
1040 726 1190 774 fuerat
1216 728 1402 787 mulier,
1439 727 1754 792 videruntque

264 866 267 868 Ι
343 821 449 851 eam
475 805 684 870 pendere
714 822 825 853 cum
851 805 1007 870 lapide
1021 842 1034 863 ‚
1065 806 1303 870 missoque
1335 821 1462 852 unco
1476 842 1489 866 ‚
1521 805 1756 852 abstraxe-

342 893 454 929 runt
480 884 611 931 illam
630 902 641 930 z
666 883 1070 948 intelligentesque
1089 900 1195 931 eam
1212 900 1313 931 esse
1336 884 1510 942 vivam,
1531 884 1756 932 velociter

342 959 404 1006 ad
438 959 684 1007 basilicam
700 997 713 1021 ‚
745 977 849 1023 quae
876 970 976 1007 erat
1006 959 1216 1007 fluminis
1243 962 1483 1025 proxima,
1507 961 1755 1009 transtule-

341 1046 476 1094 runt3
507 1036 740 1084 timebant
764 1038 891 1084 enim
919 1053 982 1083 ne
1007 1038 1179 1084 iterum
1199 1039 1347 1102 mergi
1363 1038 1609 1102 juberetur
1632 1055 1661 1087 a
1677 1039 1755 1102 ju-

339 1112 461 1160 dice.
495 1113 854 1177 Interrogabant
882 1124 1042 1161 autem
1066 1115 1314 1162 mulierem
1340 1116 1540 1179 qualiter
1557 1116 1648 1164 sub
1669 1132 1754 1181 pe-

342 1190 451 1254 lago
485 1192 643 1239 vivere
677 1193 922 1257 potuisset.
957 1191 1250 1257 Respondit:
1283 1213 1306 1236 c<
1331 1195 1438 1240 Non
1470 1194 1589 1241 mihi
1623 1194 1755 1241 aliter

343 1284 489 1332 quam
511 1269 754 1316 somnium
779 1270 937 1316 visum
967 1279 1054 1329 est,
1089 1286 1178 1316 nec
1207 1269 1410 1334 amplius
1439 1286 1586 1334 aquas
1610 1271 1751 1331 sensi,

343 1345 432 1391 nisi
464 1362 575 1393 cum
605 1347 654 1393 in
677 1346 751 1393 his
782 1346 993 1411 projecta
1023 1345 1265 1406 descendi,
1293 1356 1375 1394 aut
1401 1346 1462 1394 ab
1481 1347 1557 1394 his
1585 1348 1756 1394 iterum

340 1440 444 1469 sum
483 1435 749 1490 resumpta,
787 1424 983 1471 surrexi.
1014 1443 1037 1468 »
1065 1427 1121 1471 Et
1146 1424 1442 1472 mirabantur
1469 1441 1636 1472 omnes
1656 1441 1754 1472 non

337 1501 546 1564 potuisse
578 1519 685 1549 eam
719 1504 843 1550 mori
879 1504 928 1550 in
962 1503 1042 1550 tali
1068 1502 1363 1564 discrimine;
1399 1504 1595 1551 salvavit
1626 1504 1754 1551 enim

339 1594 445 1625 eam
457 1596 586 1644 purae
609 1581 907 1627 conscientiae
926 1580 1061 1639 fides,
1087 1591 1133 1628 et
1155 1582 1405 1642 Dominus,
1429 1599 1572 1647 quem
1584 1583 1756 1646 jugiter

339 1656 594 1720 imprecata
614 1657 893 1704 est.Dcinde
905 1656 1179 1723 parentibus
1195 1659 1400 1720 indulta,
1418 1675 1505 1706 nec
1527 1676 1556 1706 a
1572 1659 1751 1723 judice,

336 1749 422 1779 nec
442 1749 471 1780 a
484 1734 587 1780 viro
604 1744 675 1782 est
686 1734 890 1800 amplius
909 1735 1147 1799 inquisita.
1170 1734 1263 1782 Sed
1281 1735 1342 1783 ad
1365 1736 1559 1784 virtutes
1576 1746 1752 1800 marty-

336 1827 442 1857 rum
466 1811 731 1860 redeamus.

893 1889 1051 1923 CAPUT
1073 1889 1207 1927 LXXI.

785 1972 837 2006 De
857 1971 1023 2006 Ferreolo
1041 1981 1074 2006 et
1090 1971 1319 2006 Ferrucione.

402 2057 766 2105 Vesonticorum
784 2059 796 2082 ¹
833 2071 1026 2121 quoque
1071 2057 1234 2104 civitas
1278 2057 1482 2122 propriis
1528 2055 1755 2103 illustrata

342 2133 644 2199 martyribus,
669 2133 950 2200 plerumque
970 2134 1208 2181 miraculis
1227 2133 1536 2200 praesentibus
1561 2133 1748 2196 gaudet.

342 2212 462 2258 Huic
486 2213 536 2259 in
564 2212 729 2260 abdito
757 2223 930 2278 cryptae
952 2212 1067 2270 duo,
1098 2223 1150 2259 ut
1175 2213 1358 2278 passio'
1379 2212 1603 2271 declarat,
1628 2228 1754 2260 mar·

339 2300 487 2353 tyres,
515 2293 760 2340 Ferreolus
783 2302 925 2355 atque
954 2293 1174 2339 Ferrucio
1192 2301 1303 2339 sunt
1320 2290 1491 2356 sepulti
1505 2293 1533 2337 ³.
1560 2293 1754 2344 Factum

391 2448 445 2494 (1)
465 2448 571 2485 2204
592 2450 630 2484 V
629 2451 864 2484 isonticorum
871 2461 887 2493 ,·
909 2460 1022 2498 supp.
1049 2448 1125 2484 478
1150 2448 1188 2483 V
1185 2447 1450 2495 isontiquorum
1457 2459 1473 2491 ;
1500 2446 1604 2483 2205
1623 2447 1662 2482 V
1659 2448 1752 2483 ison-

339 2517 473 2557 torum‚
504 2509 594 2548 dein
627 2509 866 2548 correctione
893 2511 932 2545 V
928 2513 1149 2546 esontiorum
1179 2516 1493 2560 postremumque
1518 2507 1623 2559 (ΧΠο
1650 2509 1755 2555 saec.)

339 2573 378 2607 V
373 2577 620 2611 esuntionum.

391 2635 446 2684 (2)
463 2635 592 2674 Edidit
609 2635 741 2675 Surius
762 2634 922 2673 istorum
942 2643 1154 2685 martyrum
1172 2636 1282 2673 Acta.
1302 2637 1445 2672 Eorum
1463 2633 1646 2672 festivitas
1663 2645 1752 2671 cum

337 2695 451 2734 missa
474 2698 631 2750 propria
651 2697 818 2737 habeun-
838 2698 879 2736 in
900 2697 1040 2735 Missali
1060 2697 1224 2736 Gothico
1246 2697 1348 2750 apud
1365 2696 1595 2735 Thomasum
1614 2703 1652 2733 et
1669 2697 1749 2733 Ma-

336 2759 470 2800 billon.
491 2761 671 2814 Liturgiae
690 2761 894 2800 Gallicanae
911 2759 980 2798 lib.
999 2763 1071 2807 111,
1102 2762 1166 2798 53.
1200 2762 1278 2809 (R.)

389 2824 445 2872 (3)
468 2826 544 2861 An.
566 2825 660 2871 211,
682 2826 733 2863 16
748 2823 833 2871 jun.
856 2826 935 2871 (R.)
