2002 3418
334 349 410 386 120
739 349 805 386 DE
831 347 1019 386 GLORIA
1049 348 1345 385 MARTYRUM.

418 435 709 480 Marmoreum
732 436 912 496 fugiens,
936 434 1055 477 nullo
1077 436 1323 490 comitante,
1347 436 1569 492 sacellum3

419 505 533 547 Dum
553 505 802 549 tremefacta
824 505 993 558 cohors,
1019 503 1266 562 dominique
1289 504 1437 559 oblita,
1463 507 1631 565 supinas

418 573 554 633 Erigit
574 573 631 616 ad
653 573 806 617 coelum
828 573 956 616 facies
979 583 1105 631 atque
1127 573 1297 615 invocat
1316 574 1471 616 Iesum.

396 671 494 715 Hos
522 678 710 716 tantum
742 667 1000 717 versiculos
1027 667 1089 715 ad
1110 667 1211 715 haec
1230 683 1335 731 quae
1366 670 1555 717 narravi
1578 670 1751 717 confir-

329 746 506 794 manda
522 785 534 808 ,
566 747 743 794 inserui
778 746 990 807 lectioni,
1017 746 1273 794 ostendens
1293 746 1410 810 quid
1427 763 1605 795 nomen
1631 748 1752 796 chri-

330 824 555 886 stianum,
600 824 717 888 quid
759 826 912 871 crucis
949 824 1175 871 vexillum
1219 825 1369 888 prosit
1403 825 1476 872 his
1513 826 1613 889 qui,
1659 825 1753 873 fide

327 901 574 948 credentes
590 939 603 963 ,
641 918 785 966 opere
819 900 1074 966 perficiunt
1113 917 1219 965 quae
1261 902 1567 950 crediderunt
1581 940 1594 965 ,
1634 903 1754 951 sicut

329 978 547 1042 superius
570 978 753 1026 dictum
779 989 850 1026 est
860 981 889 1026 ¹.

889 1092 1046 1127 CAPUT
1077 1092 1180 1127 XLII
1184 1119 1193 1127 .

765 1195 818 1230 De
833 1194 967 1242 templo
983 1194 1078 1230 beati
1096 1194 1278 1230 Laurentii
1289 1195 1318 1229 ².

394 1295 644 1360 Templum
666 1305 767 1343 erat
788 1295 838 1342 in
870 1295 1084 1360 quodam
1111 1296 1246 1358 loco,
1272 1295 1400 1343 beati
1425 1298 1688 1344 Laurentii·
1709 1308 1757 1346 et

331 1372 540 1435 reliquiis
559 1382 606 1419 et
626 1374 823 1420 nomine
847 1384 1179 1421 consecratum
1194 1413 1206 1436 ,
1243 1374 1376 1438 quod
1408 1391 1494 1439 per
1522 1375 1755 1424 incuriam

332 1450 586 1513 longinqui
617 1452 845 1516 temporis
873 1451 1012 1499 valde
1038 1452 1280 1499 detectum
1310 1463 1427 1500 erat.
1468 1453 1613 1511 Quod
1646 1469 1757 1500 cum

332 1543 566 1574 renovare
607 1528 702 1575 loci
741 1529 909 1576 incolae
947 1530 1146 1590 vellent,
1188 1530 1326 1577 silvas
1365 1530 1568 1590 adeunt,
1610 1531 1757 1578 incisa

333 1605 631 1669 levigataque
656 1606 806 1669 ligna,
826 1606 984 1654 trabes
1003 1606 1239 1668 efficiunt,
1262 1607 1599 1672 impositasque
1622 1609 1756 1673 plau-

335 1683 440 1729 stris
462 1683 525 1729 ad
540 1684 702 1730 locum
724 1684 967 1731 exhibent.
1006 1684 1192 1742 Quibus
1227 1702 1312 1750 per
1344 1686 1548 1732 humum
1580 1686 1643 1733 ad
1678 1703 1758 1733 or-

334 1759 567 1807 diendum
591 1756 812 1823 extensis,
838 1778 937 1809 una
957 1761 1150 1809 brevior
1171 1773 1240 1809 est
1263 1772 1448 1828 reperta
1472 1780 1482 1808 :
1507 1763 1758 1826 statimque

336 1837 595 1884 sacerdotis
616 1839 832 1886 animum
851 1840 934 1903 qui
954 1839 1016 1886 ad
1035 1839 1136 1887 haec
1170 1840 1415 1887 insistebat
1446 1840 1586 1887 dolor
1614 1841 1760 1887 maxi-

337 1931 444 1962 mus
460 1916 610 1979 attigit
622 1954 635 1978 ,
657 1926 704 1964 et
719 1917 838 1964 flens
855 1917 1010 1979 valde,
1030 1916 1148 1982 quid
1166 1927 1340 1980 ageret,
1360 1934 1458 1982 quo
1474 1934 1523 1965 se
1537 1927 1756 1978 verteret,

334 1993 603 2055 ignorabat.
628 1998 761 2042 Tunc
779 1996 969 2043 intuens
990 1995 1218 2042 roborem
1234 1995 1528 2054 breviorem,
1552 1996 1618 2042 ait
1638 2014 1649 2042 :
1675 2015 1699 2039 c<
1716 1997 1759 2042 Ο

336 2072 559 2118 Laurenti
574 2071 862 2134 beatissime,
883 2074 1127 2138 appositus
1141 2074 1240 2137 igni
1263 2072 1476 2137 glorifica
1489 2083 1554 2134 te,
1574 2089 1761 2138 semper

335 2164 569 2213 pauperes
612 2149 779 2197 fovens
824 2167 880 2198 ac
922 2150 1138 2199 reficiens
1180 2169 1191 2197 :
1229 2151 1385 2214 cogita
1432 2160 1760 2216 paupertatem

335 2241 516 2287 meam,
544 2228 658 2290 quia
690 2243 792 2274 non
820 2238 890 2275 est
911 2229 1151 2291 exiguitati
1181 2238 1354 2275 nostrae
1393 2227 1609 2288 facultas,
1645 2242 1760 2291 qua-

389 2390 444 2446 (1)
473 2393 617 2433 Eadem
636 2395 756 2434 ferme
775 2409 861 2447 quae
878 2395 942 2434 hic
965 2396 1172 2449 Gregorius
1197 2410 1246 2435 ex
1263 2395 1472 2434 Prudentio
1489 2385 1621 2434 narrat
1644 2394 1763 2434 habet

330 2456 550 2508 Lactantius
573 2457 642 2497 lib.
662 2460 715 2496 IV
746 2458 1054 2507 Institutionum,
1082 2467 1120 2497 et
1142 2460 1183 2498 in
1207 2473 1325 2498 aureo
1348 2458 1482 2497 libello
1504 2458 1552 2496 de
1575 2458 1761 2497 Mortibus

331 2519 641 2568 Persecutorum,
662 2535 749 2574 cap.
771 2536 813 2569 x,
837 2520 905 2560 ubi
924 2522 1007 2560 haec
1029 2523 1269 2561 Diocletiano
1296 2523 1529 2574 imperatore
1556 2522 1761 2574 contigisse

331 2579 476 2620 scribit.
496 2584 589 2631 Quae
602 2584 726 2635 prima
738 2585 809 2623 fuit
820 2585 1176 2636 persequendorum
1188 2585 1482 2623 christianorum
1493 2584 1658 2632 occasio,
1671 2597 1758 2622 cum

330 2652 444 2682 antea
462 2645 722 2686 Diocletianus
746 2647 892 2700 optimo
917 2661 1068 2700 semper
1091 2648 1221 2687 animo
1239 2662 1330 2701 erga
1350 2647 1576 2687 christianos
1599 2647 1731 2686 suisset
1745 2675 1756 2687 .

331 2714 374 2745 ut
392 2707 512 2747 fusius
527 2718 660 2748 narrat
680 2709 883 2759 Eusebius,
903 2710 972 2750 lib.
994 2713 1107 2760 VIII,
1125 2711 1225 2750 Hist.
1249 2711 1384 2751 eccles.
1415 2712 1501 2759 (R.)

351 2781 355 2785 ·
385 2768 442 2823 (2)
470 2774 530 2809 De
549 2775 688 2812 Sancto
706 2777 927 2822 Laurentio,
949 2776 1069 2814 2205.
1090 2786 1096 2790 ·

350 2850 364 2856 -
385 2829 441 2884 (3)
469 2836 606 2872 Passus
624 2848 716 2874 ann.
741 2836 817 2874 358
833 2865 844 2883 ‚
866 2838 915 2874 10
939 2849 1030 2889 aug.
1052 2839 1138 2886 (R.)
