2002 3418
405 399 454 434 62
801 399 868 435 DE
895 398 1082 436 GLORIA
1108 399 1408 438 MARTYRUM.

948 525 1105 560 CAPUT
1129 525 1271 560 XXIII.

802 618 854 651 De
871 616 1041 652 crucifixo
1060 617 1156 665 apud
1171 618 1376 653 Narbonam
1395 618 1422 652 ¹.

471 714 548 759 Est
587 721 634 759 et
663 710 792 777 apud
826 710 1215 759 Narbonensem²
1237 712 1408 760 urbem
1439 713 1490 759 in
1523 712 1721 761 ecclesia
1752 731 1821 762 se-

402 791 536 837 niore
551 828 563 852 ,
604 807 708 855 quae
744 789 872 838 beati
908 791 1099 838 Genesii
1130 791 1348 855 martyris
1382 791 1589 855 reliquiis
1615 791 1815 856 plaudit,

399 867 584 932 pictura
603 885 707 932 quae
722 868 985 915 Dominum
1006 878 1222 916 nostrum
1246 868 1379 933 quasi
1404 868 1710 933 praecinctum
1727 869 1818 916 lin-

400 954 478 992 teo
503 946 682 993 indicat
702 945 996 993 crucifixum.
1021 949 1137 1004 Quae
1154 947 1340 1011 pictura
1362 945 1482 993 dum
1513 946 1701 994 assidue
1721 962 1819 994 cer-

401 1035 591 1073 neretur
612 1043 640 1073 a
658 1027 846 1091 populis
861 1064 874 1088 ,
898 1027 1116 1091 apparuit
1136 1026 1328 1074 cuidam
1346 1027 1526 1074 Basileo
1542 1026 1818 1091 presbytero

399 1119 485 1167 per
504 1104 658 1150 visum
683 1119 888 1168 persona
903 1103 1138 1165 terribilis,
1165 1104 1327 1151 dicens
1353 1121 1364 1150 τ
1386 1123 1410 1149 ι(
1428 1107 1606 1151 Omnes
1626 1121 1712 1152 vos
1735 1104 1819 1151 ob-

399 1181 508 1227 tecti
533 1181 641 1227 estis
662 1181 804 1228 variis
826 1180 1135 1241 indumentis,
1159 1189 1206 1227 et
1233 1197 1310 1228 me
1336 1181 1508 1244 jugiter
1527 1181 1714 1229 nudum
1737 1182 1819 1230 ad-

400 1258 591 1322 spicitis.
616 1279 636 1301 »
660 1258 792 1306 Vade
814 1259 1112 1323 quantocius,
1133 1259 1327 1323 cooperi
1347 1259 1736 1306 mevestimento.
1760 1262 1819 1307 Et

398 1335 642 1400 presbyter
677 1353 777 1383 non
805 1337 1070 1400 intelligens
1096 1336 1355 1398 visionem,
1387 1336 1498 1384 data
1529 1336 1605 1383 die
1637 1352 1816 1400 nequa·

400 1431 546 1478 quam
561 1431 618 1460 ex
637 1430 693 1461 ea
707 1431 758 1461 re
780 1425 1070 1462 memoratus
1087 1424 1172 1461 est.
1195 1417 1492 1479 Rursumque
1508 1415 1728 1480 apparuit
1741 1415 1811 1476 ei;

398 1492 481 1539 sed
506 1502 552 1539 et
578 1492 695 1539 illud
716 1493 1032 1558 parvipendit.
1056 1495 1166 1539 Post
1193 1493 1383 1539 tertium
1407 1502 1566 1540 autem
1591 1492 1720 1540 diem
1745 1509 1816 1539 se-

399 1569 567 1616 cundae
602 1570 822 1632 visionis,
858 1570 1077 1635 gravibus
1124 1571 1392 1618 excruciato
1425 1587 1484 1617 eo
1516 1569 1812 1632 verberibus,

399 1647 464 1694 ait
487 1665 498 1693 :
529 1667 552 1692 ι(
571 1650 741 1695 Nonne
763 1649 974 1696 dixeram
994 1647 1082 1695 tibi
1103 1657 1157 1694 ut
1178 1649 1386 1713 operires
1408 1665 1485 1695 me
1506 1648 1810 1709 vestimento,

399 1741 460 1772 ne
485 1742 701 1774 cernerer
728 1727 927 1774 nudus?
949 1730 1007 1774 Et
1043 1725 1162 1773 nihil
1190 1743 1247 1773 ex
1279 1726 1374 1773 hoc
1400 1742 1429 1773 a
1459 1735 1504 1772 te
1535 1735 1695 1773 actum
1723 1735 1808 1773 est.

398 1803 556 1864 Vade,
590 1804 769 1868 inquit,
799 1815 846 1852 et
871 1815 974 1868 tege
1004 1805 1151 1851 linteo
1179 1804 1413 1869 picturam
1440 1803 1571 1851 illam
1587 1841 1599 1864 ,
1634 1804 1685 1850 in
1719 1820 1814 1867 qua

398 1880 648 1929 crucifixus
658 1899 883 1947 appareo,
900 1899 961 1929 ne
976 1882 1062 1928 tibi
1077 1882 1217 1929 velox
1227 1881 1526 1946 superveniat
1534 1881 1763 1928 interitus.
1785 1900 1810 1926 »

400 1960 456 2004 At
476 1958 554 2004 ille
574 1968 843 2006 commotus
861 1996 874 2020 ,
898 1968 944 2005 et
961 1958 1099 2006 valde
1117 1968 1334 2005 metuens
1348 1995 1360 2019 ,
1398 1958 1606 2006 narravit
1631 1974 1688 2006 ea
1717 1958 1817 2022 epi-

398 2050 545 2100 scopo
564 2073 577 2097 ,
610 2036 693 2101 qui
725 2036 943 2101 protinus
960 2036 1097 2100 jussit
1117 2035 1321 2099 desuper
1342 2035 1503 2084 velum
1523 2034 1745 2100 expandi,
1769 2043 1818 2081 et

398 2113 464 2159 sic
483 2113 672 2162 obtecta
688 2131 819 2161 nunc
838 2113 1025 2179 pictura
1044 2113 1293 2178 suspicitur
1304 2113 1334 2158 ³.
1361 2115 1482 2160 Nam
1502 2122 1550 2160 et
1567 2113 1606 2160 si
1622 2128 1816 2178 parum·-

450 2278 505 2324 (1)
523 2279 581 2314 De
598 2278 679 2314 alia
688 2281 845 2327 pictura
866 2278 1006 2316 Christi
1022 2280 1193 2324 Domini,
1214 2277 1334 2315 2205.

451 2340 506 2386 (2)
528 2338 818 2386 Narbonensim‚
840 2340 961 2385 2204,
982 2352 1096 2390 supp.
1120 2340 1213 2376 473.

451 2402 503 2448 (3)
528 2401 677 2439 Exinde
710 2401 869 2439 fortasse
902 2400 1139 2439 consuetudo
1169 2399 1339 2437 manavit
1366 2408 1409 2437 ut
1434 2398 1604 2438 Christus
1627 2398 1816 2443 Dominus

395 2462 436 2500 in
473 2475 587 2502 cruce
623 2464 794 2516 pendens
828 2463 987 2501 vestitus
1025 2462 1306 2514 depingeretur.
1349 2463 1460 2501 Certe
1493 2475 1555 2500 me
1590 2475 1670 2500 non
1699 2463 1815 2500 semel

395 2526 534 2564 vidisse
561 2527 717 2565 memini
737 2526 963 2565 crucifixum
981 2525 1206 2571 Dominum,
1233 2532 1340 2562 veste
1364 2524 1473 2562 talari
1492 2524 1684 2572 indutum,
1711 2524 1814 2576 apud

394 2591 549 2637 Remos,
577 2590 618 2627 in
650 2589 809 2628 ecclesia
840 2588 1038 2639 collegiata
1067 2595 1207 2625 sanctae
1234 2586 1446 2634 Balsamiae,
1473 2600 1561 2634 seu,
1587 2595 1631 2625 ut
1655 2595 1810 2634 vocant,

394 2662 533 2690 sanctae
551 2653 736 2700 Nutricis;
759 2652 854 2701 (haec
873 2651 974 2688 enim
991 2649 1147 2688 beatum
1165 2649 1380 2700 Remigium
1398 2650 1623 2687 enutrivisse
1643 2649 1807 2697 dicitur).

393 2714 496 2752 Alias
522 2714 707 2762 ejusmodi
730 2713 913 2765 imagines
937 2725 977 2751 se
1000 2711 1139 2750 vidisse
1165 2719 1323 2749 testatur
1347 2710 1591 2749 Mabillonius
1611 2711 1652 2749 in
1675 2711 1811 2762 praefa-

394 2777 496 2815 tione
508 2777 557 2816 ad
570 2780 664 2816 Acta
677 2785 843 2818 sanctor.
858 2776 942 2814 ord.
960 2778 998 2815 S.
1017 2775 1178 2832 Bened.‚
1200 2787 1287 2813 saec.
1308 2777 1374 2822 IV,
1390 2783 1489 2826 part.
1513 2778 1546 2821 I,
1561 2787 1670 2812 num.
1687 2774 1755 2820 47,
1769 2782 1808 2811 et

392 2842 431 2880 in
451 2844 540 2883 Itin.
561 2843 708 2890 Italico,
732 2857 771 2895 p.
796 2845 887 2881 133.
909 2842 1057 2892 (Ruin.)
1075 2864 1129 2872 -—
1143 2841 1252 2880 Adde
1270 2850 1307 2879 et
1325 2840 1487 2889 Didron,
1506 2841 1604 2880 Hist.
1627 2840 1676 2878 de
1690 2840 1803 2888 Dieu,

393 2919 432 2957 p.
455 2908 550 2955 266,
570 2913 612 2944 n⁰
632 2909 670 2945 1.
