2002 3418
352 349 430 385 376
653 350 720 386 DE
747 350 1015 387 MIRACULIS
1042 350 1216 388 SANCTI
1246 351 1457 391 IULIANI.

871 474 1028 511 CAPUT
1051 475 1224 512 XXXIX.
1283 516 1287 520 ,

938 561 991 596 De
1008 561 1172 609 perjuris.

416 641 498 690 Est
520 643 663 690 etiam
684 644 735 691 in
755 644 993 692 Turonico
1014 645 1170 705 vicus,
1195 645 1273 692 cui
1296 645 1565 694 Gaudiaco¹
1586 662 1763 694 nomen

352 729 446 782 est,
469 720 519 767 in
542 737 640 786 quo
663 720 791 769 beati
812 722 1029 786 martyris
1063 723 1272 786 reliquiae
1301 723 1630 784 continentur3
1661 724 1762 788 qui,

350 814 462 847 cum
498 799 682 862 magnis
712 799 965 847 virtutibus
996 799 1168 847 crebro
1190 800 1462 862 illustretur,
1493 801 1543 848 in
1567 801 1779 866 perjuris

349 886 511 924 tamen
538 876 820 941 plerumque
853 877 996 940 agitat
1025 877 1274 925 ultionem.
1307 880 1427 925 Nam
1449 894 1561 925 cum
1586 877 1767 926 ibidem

351 954 479 1017 quis,
508 954 704 1000 inimico
725 953 926 1001 humani
949 956 1132 1017 generis
1155 954 1381 1003 suadente
1396 993 1408 1015 ‚
1431 955 1763 1021 perjuraverit,

351 1032 417 1078 ita
437 1031 555 1077 ultio
578 1031 740 1078 divina
757 1032 1069 1095 prosequitur
1092 1042 1147 1079 ut
1170 1033 1390 1097 protinus
1410 1043 1492 1081 aut
1512 1034 1562 1080 in
1584 1050 1767 1082 succes-

352 1108 486 1156 sione
517 1108 679 1155 damni
691 1106 709 1169 ,'
741 1119 824 1156 aut
847 1109 898 1155 in
927 1109 1180 1156 amissione
1205 1110 1410 1174 proximi
1426 1147 1440 1172 ,
1467 1119 1551 1158 aut
1574 1110 1625 1157 in
1651 1127 1767 1159 con-

353 1186 624 1251 sumptione
646 1185 805 1233 morbi
823 1186 1070 1234 manifesta
1086 1197 1294 1252 patescat
1320 1206 1330 1234 :
1356 1204 1457 1235 non
1477 1198 1638 1236 tamen
1655 1205 1769 1237 cau-

354 1279 456 1311 sam
490 1280 735 1313 remanere
770 1265 972 1312 inultam
998 1275 1179 1329 martyr
1206 1282 1399 1331 prorsus
1422 1266 1657 1331 indulget3
1685 1267 1768 1314 sed

356 1357 445 1388 nec
482 1341 602 1389 inibi
638 1352 736 1390 tam
770 1359 891 1390 ausu
922 1344 1175 1391 temerario
1208 1344 1418 1409 perjurat
1452 1343 1770 1392 barbarorum

357 1419 506 1467 cruda
528 1420 777 1468 rusticitas.
804 1424 876 1468 De
904 1437 1002 1484 quo
1028 1421 1220 1485 negotio
1246 1422 1335 1470 ista
1362 1421 1624 1483 sufficiant,
1658 1421 1771 1486 quia

356 1496 557 1562 longum
577 1509 649 1547 est
669 1499 854 1564 singula
872 1515 977 1564 quae
996 1499 1057 1547 de
1083 1500 1160 1548 his
1183 1510 1288 1549 acta
1310 1510 1423 1548 sunt
1443 1517 1530 1567 per
1551 1499 1770 1549 ordinem

357 1591 639 1624 memorare.

937 1660 1094 1696 CAPUT
1116 1661 1196 1696 XL.

589 1740 641 1775 De
654 1740 809 1787 reliquiis
823 1742 917 1789 ejus,
938 1754 1024 1788 quas
1038 1741 1182 1777 Aridius
1194 1743 1377 1791 presbyter
1393 1742 1542 1778 sustulit.

427 1823 548 1869 Cum
565 1833 724 1871 autem
739 1824 802 1872 ad
822 1842 900 1873 me
920 1826 1107 1874 Aridius
1126 1825 1370 1891 presbyter
1388 1842 1445 1873 ex
1466 1826 1771 1873 Lemovicino

362 1899 585 1961 venisset,
615 1901 685 1947 vir
704 1902 841 1949 valde
865 1902 1130 1966 religiosus,
1165 1903 1300 1967 cujus
1321 1902 1464 1950 etiam
1487 1902 1539 1949 in
1559 1902 1772 1951 secundo

361 1976 591 2024 virtutum
619 1977 748 2026 beati
775 1980 965 2027 Martini
992 1979 1145 2027 libro'
1176 1980 1395 2042 memini,
1431 1979 1551 2028 dum
1578 1979 1773 2029 sollicite

363 2053 508 2101 vitam
539 2054 639 2117 ejus
672 2066 1008 2121 perscrutarer,
1042 2067 1090 2105 et
1113 2057 1351 2105 actionein
1384 2057 1621 2123 inquirere
1651 2059 1775 2124 coepi

362 2146 467 2194 quae
498 2130 679 2180 ibidem
710 2132 1008 2182 beatissimus
1031 2135 1245 2183 Julianus
1274 2136 1324 2183 in
1353 2135 1591 2183 miraculis
1616 2135 1777 2202 prodi-

363 2208 521 2257 disset.
547 2213 598 2257 In
626 2211 814 2261 honore
834 2214 963 2260 enim
983 2212 1111 2261 beati
1133 2214 1350 2278 martyris
1371 2213 1615 2262 basilicam
1635 2213 1776 2262 aedifi-

364 2287 508 2347 cavit,
537 2305 683 2353 quam
703 2300 750 2338 et
776 2290 877 2354 ejus
899 2291 1110 2357 reliquiis
1127 2291 1389 2339 illustravit.
1418 2292 1550 2339 Sicut
1573 2307 1685 2355 ergo
1706 2302 1777 2340 est

415 2461 468 2508 (1)
486 2459 659 2500 Habetur
678 2463 781 2515 apud
792 2465 965 2503 Turones
982 2455 1033 2503 ad
1049 2464 1175 2503 Carim
1191 2464 1352 2503 fluvium
1373 2465 1479 2503 locus
1489 2468 1676 2517 Joyacum
1693 2465 1775 2505 dic-

362 2529 437 2568 tus,
462 2524 580 2574 vulgo
597 2524 698 2564 Joud
713 2534 780 2564 aut
795 2526 937 2574 Jouay,
967 2526 1034 2578 qui
1051 2527 1149 2564 forte
1171 2525 1234 2564 hic
1256 2526 1489 2578 designatur.
1518 2529 1564 2566 In
1585 2525 1685 2565 libro
1708 2539 1775 2566 au-

362 2592 437 2622 tem
462 2587 494 2622 V
520 2587 618 2626 Hist.
649 2601 736 2641 cap.
767 2602 836 2628 x1v
864 2597 1098 2629 memoratur
1131 2591 1261 2627 domus
1289 2591 1621 2637 Jocanfincensis,
1659 2602 1775 2641 quam

360 2649 534 2686 nonnulli
553 2659 690 2700 putant
712 2665 794 2690 esse
818 2651 923 2691 hunc
945 2652 1072 2704 ipsum
1099 2651 1227 2690 locum
1243 2655 1379 2703 Jouay,
1400 2653 1493 2692 alias
1512 2651 1748 2692 Gaudiacum
1761 2680 1774 2700 ,

359 2719 426 2748 aut
456 2713 642 2762 Joyacum
657 2744 667 2762 ‚
702 2724 981 2767 nuncupatum.
1018 2715 1180 2754 Ursinus
1213 2715 1254 2753 in
1285 2715 1371 2755 Vita
1401 2715 1521 2754 sancti
1554 2713 1777 2768 Leodegaril

359 2772 597 2812 Gaudiacum
616 2786 816 2825 memorat,
836 2790 923 2830 cap.
943 2791 1042 2825 xxn,
1064 2777 1131 2816 sed
1151 2782 1190 2815 in
1200 2779 1389 2828 parochia
1411 2779 1642 2818 carnotensi.
1663 2777 1742 2831 (R.)

413 2838 468 2885 (2)
487 2838 578 2888 Cap.
602 2851 736 2878 xxnx.
