2002 3418
395 337 472 374 202
793 340 859 375 DE
891 338 1074 376 GLORIA
1103 340 1399 377 MARTYRUM.

394 422 568 470 athleta
591 423 753 485 Chisti,
779 434 832 472 ut
855 442 992 474 eruas
1008 426 1139 474 hunc
1157 442 1413 491 pauperem
1431 427 1492 474 de
1514 443 1660 475 manu
1681 445 1804 476 mor-

394 501 452 548 tis
473 502 671 566 iniquae,
699 519 759 550 ne
788 503 905 550 mihi
937 503 1019 552 fiat
1046 505 1094 551 in
1124 502 1454 569 opprobrium,
1480 505 1519 551 si
1544 521 1627 570 per
1648 522 1803 553 meam

372 642 373 645 Ἰ
393 579 742 628 accusationem
762 581 992 629 moriatur
1017 580 1097 630 hic
1114 581 1281 629 homo.
1308 581 1529 643 Ostende,
1554 582 1800 647 deprecor,

391 658 613 707 virtutem
633 669 787 722 tuam,
806 671 859 709 ut
883 678 1027 726 quem
1055 662 1278 726 asperitas
1299 662 1511 709 humana
1532 662 1697 725 nequit
1718 662 1804 711 ab-

392 737 596 799 solvere,
618 738 737 786 lenis
760 739 949 804 pietatis
963 739 1289 787 moderamine
1310 749 1361 786 tu
1386 738 1629 787 dissolvas.
1649 761 1671 782 »
1698 742 1805 786 Haec

392 813 636 863 sacerdote
657 832 769 863 cum
793 816 1011 880 lacrymis
1034 816 1342 882 deprecante,
1363 816 1586 882 disruptis
1609 817 1806 864 vinculis

392 891 616 956 patibuli,
646 909 755 941 reus
782 893 843 941 ad
874 904 1049 943 terram
1079 895 1189 942 ruit.
1226 894 1370 953 Quod
1401 894 1599 942 audiens
1628 894 1773 958 judex
1789 931 1802 955 ,

392 967 563 1015 timore
599 969 872 1033 perterritus
889 1006 902 1031 ,
945 980 994 1017 et
1029 969 1241 1018 divinam
1277 970 1516 1018 admirans
1554 971 1776 1018 virtutem
1789 1006 1803 1030 ‚

393 1043 511 1091 nihil
532 1045 655 1093 ultra
678 1046 746 1093 illi
772 1062 947 1093 nocere
971 1047 1283 1112 praesumpsit.

925 1156 1081 1193 CAPUT
1110 1157 1277 1194 LXXIV.

769 1228 823 1263 De
841 1228 994 1263 Genesio
1011 1229 1221 1265 Beorritano
1243 1237 1396 1276 martyre
1409 1231 1431 1265 ¹.

460 1307 539 1351 Est
567 1305 686 1353 alius
710 1315 889 1369 martyr
905 1306 1028 1354 infra
1048 1307 1307 1353 terminum
1330 1305 1464 1353 urbis
1490 1307 1803 1368 Beorritanae’,

392 1382 669 1447 presbyterii
698 1383 885 1431 honore
914 1384 1154 1449 praeditus,
1191 1385 1325 1448 cujus
1355 1384 1586 1449 passionis
1614 1384 1809 1433 historia

391 1460 520 1524 apud
551 1460 645 1507 loci
671 1461 852 1508 incolas
878 1462 1064 1525 legitur.
1100 1462 1188 1509 Hic
1216 1461 1335 1508 dum
1360 1470 1480 1508 esset
1505 1461 1555 1507 in
1586 1477 1804 1526 corpore,

391 1547 664 1584 castaneum
711 1538 795 1584 diu
830 1539 1018 1586 aridum
1053 1539 1149 1586 suis
1187 1538 1482 1586 orationibus
1519 1537 1726 1585 obtinuit
1758 1539 1806 1585 in

390 1614 673 1662 viriditatem
701 1615 854 1662 redire
882 1633 893 1662 ε
929 1617 979 1663 in
1013 1618 1147 1680 cujus
1170 1615 1366 1663 basilica
1393 1632 1505 1663 cum
1528 1615 1808 1680 plerumque

390 1708 531 1756 super
546 1691 761 1739 infirmos
780 1693 1014 1741 mirabilia
1031 1694 1359 1752 ostendantur,
1382 1692 1500 1739 illud
1516 1709 1613 1757 prae
1633 1694 1808 1739 caeteris

393 1779 462 1816 est
483 1769 785 1831 admirabile,
823 1772 958 1836 quod
987 1771 1140 1818 lilium
1166 1771 1351 1818 dudum
1382 1766 1635 1816 collectum
1655 1780 1702 1817 et
1724 1770 1809 1816 sic-

390 1865 500 1895 cum
518 1887 530 1909 ,
560 1850 609 1895 in
640 1849 741 1913 ejus
762 1850 1060 1897 solemnitate
1091 1849 1252 1897 denuo
1283 1848 1546 1909 revirescit,
1572 1848 1638 1895 ita
1666 1857 1720 1894 ut
1740 1848 1808 1894 in-

392 1935 612 1972 tueantur
633 1927 713 1973 illa
734 1926 811 1973 die
829 1927 996 1991 populi
1020 1927 1159 1973 flores
1187 1942 1338 1974 novos
1353 1963 1366 1985 ,
1392 1941 1514 1989 quos
1536 1924 1722 1989 pridem
1742 1924 1809 1970 vi-

389 2003 557 2051 derant
578 2004 822 2052 arefactos.
847 2005 915 2052 Ad
933 2004 1077 2068 hujus
1092 2005 1221 2051 enim
1244 2003 1513 2068 sepulcrum
1529 2002 1809 2067 plerumque

389 2092 738 2129 sacramentum
758 2081 964 2130 mendax
983 2082 1223 2147 prolatum
1241 2097 1270 2129 a
1287 2080 1480 2146 perfidis
1501 2080 1669 2127 virtute
1688 2095 1810 2127 mar·-

391 2159 503 2222 tyris
537 2159 833 2221 confutatur,
860 2169 914 2206 ut
943 2160 1026 2224 qui
1057 2159 1316 2207 temeritate
1353 2159 1501 2206 elatus
1532 2157 1803 2217 advenerat,

388 2236 668 2284 emendatus
691 2236 930 2285 abscedat.

936 2335 1092 2371 CAPUT
1116 2335 1263 2371 LXXV.

825 2412 878 2446 De
892 2418 1015 2445 sancto
1029 2407 1258 2456 Sigismundo
1278 2420 1371 2455 rege.

455 2489 585 2552 Saepe
601 2487 731 2534 enim
746 2486 983 2533 Dominus
1000 2484 1318 2547 arrogantiam
1331 2484 1627 2531 contumacis
1637 2483 1806 2531 mentis

388 2564 520 2627 virga
540 2563 848 2612 correctionis
864 2572 1076 2622 enervat,
1092 2571 1145 2608 ut
1160 2562 1379 2609 eamdem
1400 2562 1553 2608 cultus
1574 2561 1647 2608 sui
1670 2577 1808 2608 vene-

444 2705 498 2748 (1)
519 2706 578 2740 De
597 2676 757 2752 quodam
780 2711 907 2739 sancto
921 2700 1143 2750 presbitero,
1166 2703 1285 2739 2791.

443 2767 498 2812 (2)
525 2764 569 2802 Id
597 2773 654 2802 est
689 2763 867 2802 territorii
897 2762 1144 2814 Bigorritani,
1181 2762 1246 2800 ubi
1276 2762 1367 2800 urbs
1394 2762 1532 2802 Tarba.
1560 2762 1652 2801 Vide
1685 2760 1801 2807 nist„

391 2828 459 2867 lib.
480 2830 561 2873 lx,
581 2841 666 2879 cap.
687 2829 839 2875 v1.(R.)
