2002 3418
311 341 387 379 236
711 346 776 382 DE
805 345 991 383 GLomA
1023 346 1317 384 MARTYRUM.

309 430 472 495 pitque
493 433 670 482 crebris
699 434 886 498 ignibus
916 435 1090 482 micare
1112 434 1287 482 coelum
1311 423 1569 500 {ralidisque
1592 436 1715 484 toni-

310 515 540 558 truorum*
563 511 825 576 fragoribus
861 528 1097 561 resonare.
1131 515 1279 574 Tunc,
1317 513 1532 560 extractis
1552 529 1582 561 a
1610 514 1722 561 sinu,

310 580 695 655 beatis‘reliquiis‚
718 606 916 639 manum
936 592 1068 639 elevo
1085 600 1251 638 contra
1269 590 1464 650 nubem,
1486 607 1591 655 quae
1605 608 1721 656 pro-,

311 666 436 714 tinus
456 667 604 716 divisa
622 669 671 716 in
694 669 812 717 duas
827 680 1001 735 partes,
1023 669 1185 717 dextra
1199 670 1407 734 laevaque
1429 658 1713 735 praeteriens,

310 761 465 810 neque
495 745 635 794 nobis
668 764 823 811 neque
862 748 946 795 ulli
978 747 1198 813 deinceps
1226 748 1404 795 nocuit.
1446 749 1500 793 At
1527 764 1642 811 ego,
1666 757 1719 795 ut

305 822 526 886 juvenilis
546 824 702 872 fervor
720 842 856 888 agere
881 826 1021 884 solet,
1047 842 1180 874 vanae
1202 827 1359 890 gloriae
1384 825 1538 873 inflari
1560 842 1720 891 super-

310 901 420 947 cilio
452 903 575 966 coepi
601 912 648 949 et
680 904 848 950 tacitus
883 904 1088 966 cogitare
1116 921 1215 950 non
1251 904 1347 951 hoc
1377 912 1562 951 tantum
1584 919 1718 950 sanc-

310 986 470 1024 torum
496 979 673 1026 meritis
697 995 843 1043 quam
873 981 990 1028 mihi
1021 982 1211 1046 proprie
1241 981 1380 1029 fuisse
1411 998 1688 1029 concessum
1700 1017 1714 1039 ,

310 1063 451 1118 atque
481 1055 544 1102 ad
568 1057 723 1104 socios
752 1058 931 1104 itineris
949 1057 1132 1121 jactans
1159 1074 1215 1106 ac
1248 1059 1456 1124 proferre
1486 1058 1618 1123 quod
1651 1060 1720 1106 in-

311 1133 542 1180 nocentiae
563 1151 680 1181 meae
706 1136 834 1182 Deus
854 1137 1140 1200 praestiterit,
1166 1145 1220 1183 ut
1241 1136 1343 1183 haec
1370 1153 1592 1184 mererer.
1625 1139 1720 1184 Nec

311 1225 471 1271 mora,
496 1211 682 1277 elapsus
705 1211 863 1260 subito
885 1212 974 1259 sub
1010 1229 1086 1260 me
1117 1228 1268 1277 equus
1292 1213 1355 1261 ad
1375 1224 1548 1262 terram
1572 1213 1717 1273 elisit3

312 1286 361 1333 in
387 1303 484 1351 quo
510 1305 622 1337 casu
649 1299 748 1337 tam
771 1291 973 1354 graviter
1005 1307 1111 1338 sum
1140 1300 1410 1339 contractus
1444 1299 1497 1337 ut
1518 1291 1595 1338 vix
1620 1307 1722 1338 sur-

311 1381 420 1427 gere
441 1383 646 1431 possem.
675 1369 887 1416 Intellexi
914 1370 1043 1416 enim
1067 1369 1185 1416 mihi
1215 1370 1302 1416 ista
1329 1385 1359 1416 a
1383 1368 1589 1416 vanitate
1615 1384 1721 1415 eve-

314 1443 435 1491 nisse
449 1481 462 1506 ,
516 1446 720 1509 satisque
757 1445 843 1493 fuit
888 1446 1062 1494 dehinc
1094 1446 1345 1494 observare
1388 1463 1450 1494 ne
1492 1463 1569 1494 me
1601 1446 1723 1494 ultra

311 1537 444 1569 vanae
466 1523 625 1586 gloriae
647 1525 906 1572 stimularet
923 1526 1129 1573 aculeus.
1152 1528 1289 1588 Nam,
1314 1526 1352 1573 si
1370 1525 1528 1573 evenit
1549 1534 1603 1572 ut
1622 1541 1722 1572 me·

312 1615 439 1646 rerer
475 1600 700 1667 deinceps
733 1602 891 1666 aliqua
926 1603 986 1650 de
1017 1613 1290 1651 sanctorum
1323 1602 1573 1650 virtutibus
1607 1619 1722 1650 con·

313 1678 553 1743 templari‚
580 1680 668 1727 Dei
691 1680 770 1728 illa
800 1697 998 1729 munera
1021 1697 1108 1746 per
1137 1691 1411 1730 sanctorum
1438 1679 1583 1728 fidem
1608 1696 1724 1746 prae·

313 1755 418 1803 stita
439 1758 721 1820 praeconavi.

831 1870 988 1907 CAPUT
1015 1870 1200 1908 LXXXV.

708 1960 759 1994 De
778 1972 821 1995 eo
834 1960 896 2007 qui
912 1960 1021 2008 pedes
1037 1960 1075 1995 in
1091 1969 1218 2008 patena
1231 1960 1328 1997 lavit.

378 2051 432 2096 In
469 2049 600 2097 nullo
631 2059 702 2097 est
729 2050 858 2097 enim
885 2051 1123 2109 temeritas
1146 2051 1270 2098 utilis
1301 2059 1354 2097 ut
1382 2048 1500 2096 illud
1527 2049 1726 2113 quisque

313 2137 504 2192 appetat
525 2127 657 2192 quod
679 2144 896 2177 exercere
920 2145 1018 2175 non
1041 2129 1166 2176 licet.
1194 2129 1270 2176 Sic
1296 2138 1344 2175 et
1368 2128 1726 2175 Britannorum¹

314 2220 492 2266 comes,
514 2221 626 2252 cum
645 2206 846 2269 graviter
865 2222 893 2253 a
911 2205 1157 2252 doloribus
1177 2205 1356 2271 pedum
1378 2203 1661 2267 affligeretur
1681 2213 1727 2249 et

314 2298 399 2346 per
422 2282 633 2330 medicos
656 2284 929 2349 expendens
960 2283 1270 2331 substantiam
1299 2298 1434 2329 suam
1458 2280 1577 2327 nihil
1599 2296 1726 2339 com-

316 2359 504 2407 modius
523 2360 782 2423 habuisset,
809 2361 927 2408 dixit
947 2361 990 2407 ei
1009 2360 1204 2424 quidam
1231 2359 1291 2406 de
1317 2359 1411 2405 suis
1435 2377 1446 2405 t
1476 2377 1500 2403 «
1523 2358 1571 2404 Si
1597 2357 1726 2404 enim

316 2436 377 2484 ab
412 2438 607 2487 ecclesia
634 2438 722 2486 tibi
748 2438 942 2503 aliquod
970 2454 1052 2485 vas
1074 2437 1319 2484 ministerii
1353 2434 1484 2499 quod
1513 2435 1564 2482 in
1592 2434 1728 2482 altari

317 2516 511 2579 ponitur
537 2516 791 2576 deferatur,
811 2518 861 2563 in
882 2532 979 2580 quo
1003 2514 1147 2580 pedes
1166 2514 1403 2574 ablueres,
1434 2521 1618 2578 poterat
1642 2511 1727 2559 tibi

316 2585 417 2638 haec
430 2609 571 2641 causa
584 2593 704 2641 ferre
719 2593 955 2640 medelam
974 2611 1017 2639 z»
1037 2592 1164 2639 stulti
1177 2601 1224 2639 et
1233 2592 1421 2653 inertes,
1437 2607 1537 2637 non
1552 2606 1728 2653 cogno-
1763 2601 1766 2609 “

317 2680 498 2717 scentes
525 2671 658 2734 quod
686 2681 866 2719 sacrata
892 2673 996 2716 Deo
1020 2685 1131 2734 vasa
1163 2686 1262 2716 non
1288 2668 1494 2716 debeant
1522 2668 1585 2716 ad
1616 2683 1727 2714 usus

371 2863 424 2912 (1)
442 2863 547 2902 2201.
564 2871 602 2902 et
619 2864 740 2911 2205,
760 2865 1030 2903 Briteanorum.
