2002 3418
328 311 406 348 248
725 313 792 349 DE
820 313 1006 350 GLORIA
1034 314 1328 354 MARTYRUM.

327 400 604 464 martyrium
627 402 988 448 consummavit.
1015 402 1151 468 Apud
1171 405 1428 451 terminum
1454 421 1568 453 vero
1591 408 1739 455 Picta-

325 495 440 524 vum
458 479 590 525 vicus
606 488 676 525 est
695 479 745 525 in
764 479 1018 527 Arbatilico
1031 483 1061 538 ¹,
1087 482 1282 528 nomine
1306 484 1548 545 Becciaco,
1574 483 1623 530 in
1642 500 1740 548 quo

326 557 426 620 ejus
453 557 691 605 habentur
721 558 944 622 reliquiae.
966 561 1126 624 ¹Cujus
1154 559 1427 608 solemnitas
1454 560 1741 610 duodecimo

326 634 552 682 kalendas
567 637 742 683 mensis
759 636 1002 684 undecimi
1021 636 1301 685 celebratur.
1330 637 1423 686 Sed
1438 638 1604 686 incolae
1627 639 1739 701 loci,

325 723 372 760 et
390 714 625 779 praecipue
645 714 1024 780 archipresbyter
1044 733 1256 763 errorem
1284 717 1445 764 nescio
1465 733 1609 780 quem
1631 733 1744 782 pas-

325 807 421 852 sus,
440 801 550 838 ante
561 791 690 838 diem
705 809 811 839 eam
823 793 973 840 voluit
988 793 1234 841 celebrari.
1253 795 1399 840 Dictis
1417 794 1558 858 igitur
1571 795 1740 857 missis,

325 885 437 916 cum
465 869 528 916 ad
557 870 830 917 convivium
858 870 1143 933 residerent,
1176 888 1286 919 ecce
1317 888 1442 919 unus
1468 889 1526 919 ex
1546 888 1743 936 energu-

325 947 479 993 menis
500 947 707 994 clamare
728 949 872 1012 coepit
893 963 950 995 ac
971 948 1128 997 dicere
1152 967 1163 995 z
1187 950 1422 1011 «Currite,
1445 950 1594 1007 cives,
1615 966 1745 1014 egre-

327 1023 496 1070 dimini
517 1039 548 1070 a
563 1024 689 1084 vico,
708 1026 831 1072 exite
853 1025 1047 1073 obviam
1065 1026 1209 1074 beato
1233 1028 1486 1075 Vincentio
1512 1049 1523 1076 ε
1549 1044 1661 1076 ecce
1681 1028 1744 1076 ad

327 1101 508 1164 vigilias
535 1102 664 1148 venit
679 1139 691 1161 ‚
729 1118 839 1149 ecce
861 1103 977 1151 festa
1008 1103 1110 1167 ejus
1140 1105 1346 1151 crastino
1375 1104 1584 1152 habituri
1617 1105 1745 1153 eritis

324 1178 420 1224 die.
445 1198 467 1220 2>
490 1181 600 1226 Haec
611 1195 671 1226 eo
689 1179 894 1241 dicente,
919 1190 1155 1228 renovant
1171 1181 1401 1230 solemnia
1421 1191 1470 1229 et
1487 1191 1587 1229 tota
1604 1191 1744 1230 nocte

326 1253 376 1301 in
399 1255 567 1318 vigiliis
589 1256 842 1304 excubant.
864 1259 1003 1305 Mane
1019 1268 1180 1306 autem
1197 1258 1339 1319 fact0,
1361 1257 1479 1305 dum
1497 1259 1745 1306 missarum

327 1335 550 1396 mysteria
572 1334 942 1396 celebrarentur,
973 1346 1020 1384 et
1043 1335 1121 1383 hic
1143 1352 1518 1399 energumenuS‚
1549 1336 1631 1399 qui
1660 1335 1745 1384 ad-

326 1420 525 1458 ventum
547 1413 960 1478 sancti'praedixit,
983 1423 1031 1461 et
1046 1414 1124 1461 alii
1147 1430 1259 1461 cum
1276 1412 1448 1481 eodem
1467 1412 1584 1474 du0,
1606 1428 1746 1460 mun—

329 1489 426 1536 dati
449 1500 589 1537 sunt:
611 1491 695 1539 sed
716 1501 765 1540 et
783 1492 881 1540 duo
910 1492 1155 1557 paralytici
1187 1493 1288 1558 ipsa
1311 1490 1390 1539 die
1413 1490 1580 1539 directi
1609 1501 1741 1552 sunt,

328 1576 375 1613 et
398 1567 515 1615 sica
537 1567 782 1617 festivitate
803 1587 916 1617 cum
934 1570 1091 1618 laetitia
1111 1580 1182 1618 est
1205 1569 1479 1616 discessum.

394 1647 516 1692 Cum
550 1656 710 1694 autem
741 1648 948 1710 reliquiae
977 1648 1078 1711 ejus
1111 1664 1139 1695 a
1169 1646 1456 1710 quibusdam
1488 1648 1746 1712 peregrinis

327 1724 623 1772 deferrentur
637 1763 649 1786 ,
689 1725 758 1786 ad>
786 1728 1110 1774 Ceratensem²
1145 1726 1390 1774 Turonicae
1421 1725 1553 1773 urbis
1585 1726 1744 1774 vicum

327 1812 625 1850 accesserunt
639 1840 651 1864 ,
692 1802 854 1867 ibique
881 1803 944 1851 ad
975 1804 1216 1868 tugurium
1245 1803 1494 1866 cujusdam
1524 1803 1746 1868 pauperis

327 1879 610 1942 deferentes,
635 1882 841 1946 suscepti
868 1891 980 1929 sunt
1011 1899 1024 1929 ε
1059 1882 1109 1928 in
1132 1881 1338 1928 crastino
1359 1890 1518 1928 autem
1539 1879 1638 1927 duo
1661 1896 1742 1944 pa-

326 1959 508 2022 ralytici
531 1975 674 2023 super
692 1958 794 2006 haec
814 1960 1018 2024 pignora
1040 1968 1326 2023 acceperunt
1348 1973 1574 2021 gressum,
1600 1973 1746 2004 unus-

326 2051 421 2098 que
448 2052 599 2082 caecus
619 2036 782 2083 lumen
811 2037 1005 2100 recepit.
1037 2035 1176 2084 Haud
1200 2035 1369 2100 procul
1390 2043 1551 2083 autem
1572 2032 1636 2082 ab
1660 2034 1743 2081 illo

325 2113 433 2158 vico
467 2123 537 2159 est
559 2113 695 2174 alius,
730 2129 874 2177 quem
906 2102 1257 2161 Orbaniacum·
1287 2121 1485 2171 vocant,
1523 2111 1571 2158 in
1611 2110 1744 2174 cujus

376 2317 429 2364 (1)
449 2313 694 2362 Arbafilicus,
715 2326 784 2354 seu
801 2313 1055 2353 Herbatilicus
1068 2326 1203 2366 pagus,
1216 2312 1256 2351 in
1274 2315 1502 2351 Namnetum
1521 2311 1739 2350 Pictonum-

322 2390 398 2428 que
415 2377 583 2416 confinio
601 2377 695 2416 situs
709 2406 720 2424 ‚
739 2376 790 2415 ab
808 2376 1028 2415 Herbadilla
1046 2375 1143 2414 urbe
1161 2375 1215 2414 sic
1235 2375 1372 2422 dictus,
1396 2387 1482 2426 quae
1501 2382 1611 2412 terrae
1636 2372 1741 2412 hiatu

322 2438 503 2491 absorpta
521 2439 636 2478 fuisse
653 2439 792 2478 dicitur
811 2439 913 2477 circa
932 2451 1075 2477 annum
1094 2439 1188 2477 580.
1210 2430 1292 2475 'Diu
1315 2445 1443 2476 tamen
1469 2444 1602 2488 postea
1621 2448 1741 2488 pagus

320 2503 489 2554 priscum
503 2516 646 2542 nomen
660 2502 817 2541 retinuit
826 2515 916 2541 cum
927 2502 1127 2540 comitatus
1142 2501 1251 2540 titulo
1266 2501 1324 2551 (le
1338 2502 1456 2538 comte'
1469 2498 1739 2549 d'Herbauge).

318 2567 421 2616 Lege
438 2565 576 2603 Valesii
595 2564 769 2604 notitiam
795 2573 833 2603 et
855 2563 1067 2603 Mabillonii
1083 2572 1193 2603 notas
1210 2563 1251 2603 in
1267 2563 1393 2603 Vitam
1410 2562 1530 2601 sancti
1551 2560 1715 2600 Amandi
1726 2588 1738 2608 ,

319 2630 486 2674 saec.11,
506 2626 753 2667 Benedictino
769 2627 819 2666 ad
836 2639 900 2666 an.
923 2628 1017 2666 679.
1040 2629 1119 2675 (R.)

372 2691 426 2738 (2)
447 2691 568 2737 2204,
590 2704 705 2742 supp.
727 2693 803 2729 478
826 2698 864 2728 et
882 2691 1003 2739 5202,
1024 2693 1265 2733 Οεῖαιὶηεὶιη.

373 2755 426 2802 (3)
445 2754 573 2800 2204,
605 2754 710 2792 2205
735 2761 774 2792 et
802 2754 921 2803 5292,
948 2752 1173 2791 Orbaniaco.
1201 2755 1259 2791 De
1281 2752 1356 2791 hoc
1381 2751 1489 2799 loco,
1512 2749 1594 2790 vid.
1614 2749 1713 2788 Hist.
1701 2775 1737 2796 .,

311 2810 384 2854 lib.
404 2818 458 2864 X,
479 2827 565 2868 cap.
586 2828 697 2854 xxxx.
