2002 3418
378 327 453 363 358
587 316 596 322 ’
686 328 753 364 ΒΕ
779 328 1045 366 MIRACULIS
1074 329 1246 367 smc‘n
1272 329 1481 368 mnam.

378 414 491 479 quia
529 413 591 462 ab
622 415 767 481 ipsius
796 415 981 463 abbatis
1011 416 1113 464 haec
1147 434 1230 464 ore
1261 402 1466 480 cognovi
1499 420 1627 484 apud
1656 420 1788 483 cujus

378 493 691 540 monachum¹
715 503 843 560 gesta
863 503 987 542 sunt.

930 635 1087 671 CAPUT
1112 636 1250 671 XXIX.

912 725 965 758 De
981 724 1165 761 festivitate
1183 725 1271 771 ejus.

445 814 594 878 Hujus
628 813 885 862 festivitatis
912 823 1099 879 tempus
1125 815 1287 877 ignara
1316 813 1450 878 plebs
1482 825 1650 863 moesta
1676 831 1794 880 pen·

382 890 551 951 debat,
587 892 804 939 nesciens
841 891 970 938 diem
1002 893 1053 938 in
1086 908 1183 955 quo
1217 902 1395 956 martyr
1417 891 1583 939 beatus
1603 891 1797 940 deberet

383 984 472 1033 pro
491 969 677 1016 virtutis
701 985 756 1016 ac
782 970 1015 1034 passionis
1033 970 1180 1032 gloria
1201 970 1456 1032 honorari,
1476 981 1523 1017 et
1542 971 1642 1018 haec
1660 972 1796 1035 igno-

383 1046 540 1093 rantia
560 1061 709 1109 usque
728 1045 790 1092 ad
810 1044 1006 1093 beatum
1029 1048 1321 1094 Germanum
1345 1047 1796 1096 Autissiodorensem

385 1123 642 1170 antistitem
664 1133 734 1170 est
756 1133 1012 1188 protracta.
1051 1125 1273 1171 Factum²
1304 1133 1374 1171 est
1396 1135 1555 1172 autem
1586 1135 1640 1172 ut
1667 1137 1798 1174 ante-

387 1200 541 1248 dictus
566 1201 779 1266 pontifex
809 1202 1045 1250 Brivatem
1069 1202 1336 1261 adveniret,
1363 1203 1713 1268 sciscitatusque
1736 1204 1799 1252 ab

386 1278 554 1326 incolis
593 1296 692 1344 quo
741 1290 956 1346 tempore
995 1280 1137 1344 hujus
1173 1297 1307 1328 sacra
1341 1280 1707 1344 celebrarentur,
1751 1301 1800 1331 se

387 1357 568 1403 nescire
602 1356 911 1421 respondent.
938 1359 1070 1403 Tunc
1107 1357 1185 1404 ille
1212 1376 1224 1404 ε
1251 1378 1272 1401 α
1290 1359 1516 1419 OremuS,
1540 1359 1696 1423 inquit
1711 1396 1724 1419 ,
1754 1369 1803 1408 et

388 1432 595 1481 fortassis
614 1433 755 1482 nobis
775 1434 876 1481 haec
897 1435 1092 1482 Domini
1116 1437 1330 1500 potentia
1344 1434 1586 1483 revelabit.
1606 1455 1630 1481 »
1658 1436 1801 1494 Quod

388 1528 499 1559 cum
523 1512 741 1560 fecissent
752 1499 780 1575 ‚⁹
794 1529 936 1561 mane
959 1523 1084 1576 orto,
1103 1515 1377 1561 convocatis
1395 1513 1660 1561 senioribus
1680 1513 1798 1575 loci,

388 1590 453 1637 ait
491 1607 522 1637 v
556 1591 870 1638 kalendarum
903 1591 1080 1639 mensis
1109 1592 1296 1656 septimi
1337 1591 1671 1639 celebrandam
1703 1608 1802 1639 esse

388 1666 702 1715 festivitatem.
730 1670 796 1714 Ex
814 1663 1059 1715 hoc'nunc
1081 1667 1279 1716 devotus
1301 1669 1557 1716 adveniens
1577 1661 1801 1734 popuJUS‚

393 1755 504 1792 vota
527 1746 712 1809 praesuli
733 1745 959 1806 reddens,
986 1745 1126 1793 refert
1147 1755 1194 1793 et
1214 1747 1384 1794 animae
1404 1756 1452 1793 et
1470 1746 1684 1811 corporis
1702 1762 1803 1792 me-

389 1819 613 1869 dicinam.

945 1898 1102 1934 CAPUT
1125 1898 1245 1934 XXX.

938 1991 1257 2039 Deenergumenis.

460 2085 778 2148 Energumeni
795 2099 928 2144 vero,
949 2100 1060 2131 cum
1080 2083 1381 2146 advenerint,
1400 2084 1679 2149 plerumque
1695 2099 1807 2130 evo-

390 2171 528 2208 munt
562 2162 613 2209 in
639 2171 856 2210 sanctum
888 2162 976 2209 Dei
1007 2163 1225 2209 convicia
1241 2200 1254 2224 ‚
1281 2179 1366 2210 cur
1396 2172 1583 2210 sanctos
1606 2161 1724 2209 alios
1744 2161 1807 2209 ad

392 2255 478 2287 sua
499 2250 734 2287 convocet
763 2239 879 2287 festa
893 2277 905 2301 ,
942 2240 1164 2305 ipsosque
1186 2240 1469 2287 nominatim
1503 2237 1803 2299 confitentes,

390 2333 559 2365 eorum
574 2318 780 2366 fatentur
791 2318 987 2365 virtutes
1009 2328 1058 2366 et
1076 2319 1259 2366 merita.
1287 2318 1428 2364 Aiunt
1446 2317 1575 2364 enim
1597 2335 1609 2363 z
1632 2315 1808 2363 «Suffi-

392 2395 486 2443 ciat
523 2394 636 2457 tibi,
674 2396 858 2444 Juliane
872 2434 885 2458 ,
923 2412 1012 2443 nos
1042 2396 1238 2461 propria
1269 2395 1440 2443 virtute
1470 2405 1709 2459 torquere.
1748 2396 1810 2441 Ut

395 2472 511 2535 quid
533 2474 741 2538 reliquos
767 2474 1031 2539 provocas?
1053 2474 1170 2538 quid
1196 2474 1366 2521 invitas
1391 2471 1666 2520 extraneos?
1689 2474 1810 2519 Ecce

447 2627 501 2674 (1)
521 2626 692 2666 Observa
711 2629 943 2667 monachum
959 2629 1023 2667 hic
1041 2642 1065 2667 a
1082 2630 1267 2682 Gregorio
1287 2629 1361 2668 dici
1378 2641 1492 2680 quem
1505 2627 1612 2680 prius
1631 2626 1810 2665 clericum

393 2688 627 2739 appellarat,
653 2691 758 2742 quod
782 2699 820 2729 et
842 2691 983 2743 passim
1008 2692 1173 2732 occurrit
1197 2692 1299 2743 apud
1328 2691 1422 2730 alios
1453 2703 1608 2742 quoque
1630 2689 1711 2738 ejus
1739 2686 1808 2725 aevi

395 2758 583 2790 auctores.
596 2752 687 2790 Vide
707 2756 852 2805 (supra,
867 2767 908 2804 p.
927 2755 1020 2802 206)
1032 2754 1140 2793 Glor.
1166 2757 1299 2802 Mart„
1320 2753 1389 2792 lib.
1409 2756 1449 2799 Ι,
1469 2765 1552 2804 cap.
1576 2763 1708 2789 txxu.
1732 2749 1811 2800 (R.)

451 2815 505 2860 (2)
523 2813 567 2851 Id
587 2822 765 2852 narratur
784 2815 823 2852 in
841 2814 959 2866 ipsius
977 2816 1096 2854 sancti
1115 2818 1247 2855 Germ.
1266 2815 1364 2862 Vita,
1376 2814 1444 2853 lib.
1466 2816 1501 2862 1,
1515 2826 1601 2865 cap.
1623 2825 1714 2850 xxv.
1729 2813 1811 2859 (R.)
1878 2828 1886 2837 ν
