2002 3418
385 338 435 375 86
782 338 848 373 DE
876 337 1064 374 GLORIA
1091 335 1384 373 MARTYRUM.

384 423 600 489 exigebat
619 423 818 473 fideliter
837 433 1125 490 precaretur,
1156 423 1317 471 medio
1339 423 1434 471 fere
1459 426 1611 473 noctis
1629 441 1796 477 omnes

384 504 468 568 qui
484 503 682 552 aderant
699 520 846 568 sopor
862 503 1083 550 obtinuit.
1106 503 1366 566 Statimque
1382 501 1574 549 infirmo
1597 514 1797 552 conatus

383 580 623 646 ejiciendae
638 581 786 628 urinae
803 582 1036 643 imminet,
1052 591 1342 644 tangensque
1353 597 1505 627 unum
1516 597 1795 645 puerorum,

378 676 499 708 voce
517 660 649 707 tenui
663 660 907 707 vasculum
924 661 1132 725 postulat
1148 659 1362 707 exhiberi
1374 697 1386 721 ,
1415 659 1658 723 illatoque,
1678 659 1797 708 dum

382 738 572 785 urinam
600 737 765 784 nititur
789 737 974 801 ejicere,
1010 737 1218 802 lapidem
1249 753 1478 801 magnum
1498 737 1651 784 emisit
1674 754 1686 782 :
1713 737 1796 800 qui

381 825 482 862 tam
499 814 683 862 validus
703 813 790 860 fuit
803 851 816 876 ,
848 824 901 860 ut
923 813 1096 862 cadens
1115 831 1290 862 sonum
1317 815 1367 861 in
1389 815 1492 880 ipsa
1512 830 1616 878 quae
1633 823 1800 879 parata

381 891 533 939 suerat
556 890 742 939 concha
765 890 1012 955 proferret.
1042 894 1173 938 Tunc
1194 891 1351 939 ablata
1379 891 1510 939 febre
1534 908 1646 938 cum
1665 890 1799 938 omni

381 969 548 1017 dolore
560 1005 574 1032 ‚
598 969 710 1016 navi
727 977 1013 1016 restauratur
1035 968 1304 1020 incolumis.

917 1135 1073 1170 CAPUT
1099 1134 1257 1171 xxxa.
1269 1162 1279 1178 ,

877 1235 931 1268 De
941 1233 1085 1268 Thoma
1100 1233 1262 1280 apostolo
1273 1233 1286 1253 ¹
1293 1260 1302 1267 .

443 1341 674 1390 Thomas’
693 1341 952 1407 apostolus,
982 1340 1246 1388 secundum
1275 1339 1507 1405 passionis
1532 1340 1634 1404 ejus
1652 1340 1801 1388 histo-

379 1420 522 1481 riam,
548 1419 597 1465 in
618 1418 754 1465 India
781 1434 945 1483 passus
973 1434 1071 1465 esse
1107 1417 1413 1464 declaratur⁸.
1441 1416 1586 1480 Cujus
1606 1416 1803 1466 beatum

382 1513 556 1561 corpus
596 1506 705 1561 post
737 1496 940 1543 multum
981 1505 1169 1559 tempus
1204 1503 1498 1558 assumptum
1529 1494 1581 1541 in
1615 1495 1802 1543 civitate

382 1590 528 1638 quam
568 1573 694 1638 Syri‘
724 1573 938 1620 Edissam
969 1581 1166 1634 vocant,
1200 1571 1480 1619 translatum
1509 1581 1579 1618 est
1593 1608 1608 1633 ‚
1639 1571 1801 1637 ibique

383 1652 636 1717 sepultum.
682 1654 805 1714 Ergo
841 1651 890 1697 in
930 1651 1039 1697 loco
1064 1650 1280 1713 'regionis
1318 1648 1462 1697 Indiae
1477 1686 1491 1710 ‚
1536 1666 1634 1714 quo
1670 1651 1801 1715 prius

382 1730 583 1794 quievit,
606 1729 948 1777 monasterium
973 1727 1195 1790 habetur,
1223 1738 1270 1776 et
1290 1728 1523 1793 templum
1541 1728 1672 1775 mirae
1700 1745 1800 1776 ma-

382 1807 639 1871 gnitudinis
657 1807 998 1872 diligenterque
1011 1816 1292 1854 exornatum
1304 1816 1446 1871 atque
1460 1806 1796 1872 compositum.

381 1887 435 1932 In
460 1885 552 1933 hac
576 1885 717 1949 igitur
737 1885 836 1932 aede
861 1901 1090 1948 magnum
1111 1884 1394 1932 miraculum
1423 1886 1551 1931 Deus
1575 1885 1796 1932 ostendit.

383 1963 606 2027 Lychnus
633 1963 812 2010 etenim
843 1962 964 2010 inibi
993 1963 1174 2028 positus
1204 1972 1346 2026 atque
1374 1962 1667 2010 illuminatus
1690 1973 1801 2011 ante

383 2040 543 2087 locum
558 2040 807 2105 sepulturae
826 2040 972 2105 ipsius
984 2039 1335 2105 perpetualiter,
1358 2038 1435 2086 die
1448 2049 1707 2104 noctuque,
1729 2039 1802 2088 di-

385 2117 499 2164 vino
521 2126 644 2164 nutu
665 2117 955 2183 resplendet,
977 2133 1007 2165 a
1023 2117 1157 2164 nullo
1170 2116 1437 2164 fomentum
1454 2116 1548 2165 olei
1566 2117 1802 2182 scirpique

385 2194 621 2259 accipiens
642 2211 653 2240 :
678 2210 834 2259 neque
855 2204 999 2242 vento
1021 2194 1346 2257 exstinguitur,
1372 2209 1526 2259 neque
1548 2209 1661 2242 casu
1683 2194 1800 2241 dila-

438 2398 493 2444 (1)
512 2399 572 2433 De
588 2397 756 2445 sepulcro
777 2395 914 2432 Thome
931 2395 1105 2443 apostoli,
1130 2393 1251 2430 2205.

438 2460 493 2506 (2)
511 2461 628 2497 Deest
645 2458 721 2497 hoc
740 2464 856 2509 caput
877 2456 918 2494 in
937 2454 1046 2495 Colb.
1071 2457 1157 2493 Tut.
1183 2454 1319 2504 (2791)
1341 2462 1379 2493 et
1396 2454 1509 2494 simul
1526 2467 1615 2494 cum
1638 2456 1664 2493 Ξ
1689 2467 1798 2507 seqq.

385 2522 426 2560 in
443 2521 542 2560 Clar.
563 2534 600 2560 a.
626 2523 671 2559 In
691 2520 774 2559 aliis
791 2533 881 2558 mss,
903 2527 1019 2571 caput
1034 2518 1109 2555 hoc
1127 2517 1168 2555 in
1182 2516 1259 2555 duo
1278 2517 1479 2565 dividitur3
1499 2517 1654 2556 alterius
1671 2517 1800 2556 titulus

386 2591 443 2622 est
459 2598 469 2620 ι
491 2586 550 2621 De
567 2588 701 2621 virtute
718 2583 878 2620 basilicae
899 2586 938 2619 in
956 2595 1031 2632 qua
1046 2588 1177 2631 postea
1194 2583 1397 2618 translatas
1414 2589 1481 2620 est.
1504 2582 1584 2629 (R.)

440 2648 498 2695 (3)
517 2648 608 2683 Post
622 2659 687 2686 an.
710 2647 776 2694 66,
798 2648 844 2684 21
867 2648 961 2684 Dec.
983 2642 1065 2696 (R.)

440 2711 497 2758 (4)
514 2709 671 2762 Aliquot
687 2723 778 2749 mss.
807 2718 846 2748 et
868 2709 930 2748 ed.
944 2738 954 2757 ‚
983 2710 1099 2757 Syriae
1123 2709 1326 2755 Edessam,
1348 2706 1415 2747 ubi
1441 2706 1581 2746 saeculo
1605 2707 1657 2746 lv
1680 2704 1800 2744 sancti

386 2771 541 2810 Thomae
572 2785 712 2824 corpus
739 2772 926 2811 exstitisse
948 2779 1108 2812 constat·
1123 2783 1171 2810 ex
1197 2771 1358 2818 Rufino,
1387 2779 1462 2812 etc.
1488 2772 1575 2819 (R.)
1590 2791 1646 2800 -
1667 2769 1798 2814 2204,

387 2838 475 2884 Syri
491 2836 696 2874 AEdissam.
