2002 3418
409 322 458 359 96
808 322 874 358 DE
904 321 1089 359 GLORIA
1122 320 1416 357 MARTYRUM.

472 408 610 474 Apud
632 408 1053 472 Bul-degalensem¹
1079 417 1237 456 autem
1256 406 1444 468 urbem,
1466 423 1585 455 anus
1603 407 1820 471 quaedam

407 495 596 548 gravata
618 487 775 548 senio,
804 486 886 533 sed
908 485 1003 533 fide
1033 486 1205 533 mentis
1227 485 1418 548 integrae
1448 483 1712 545 sublevata,
1744 486 1821 532 cui

405 577 510 608 mos
532 571 633 608 erat
653 562 702 608 in
725 572 998 609 sanctorum
1022 561 1252 618 basilicis,
1286 561 1430 607 misso
1462 559 1594 619 oleo,
1620 560 1821 624 lychnos

404 639 690 701 accendere,
717 649 770 686 ut
787 639 882 686 hoc
902 640 1146 702 negotium
1168 648 1346 702 ageret,
1382 647 1523 685 nocte
1550 637 1817 700 dominica,

404 713 532 763 beati
551 717 676 763 Petri
694 717 896 781 apostoli
919 716 1165 764 basilicam
1182 717 1392 780 ingressa
1413 724 1499 761 est.
1523 714 1673 778 Hujus
1693 715 1822 762 enim

405 792 578 854 altare,
610 794 774 859 positis
807 795 856 841 in
893 795 1042 841 altum
1076 795 1267 860 pulpitis
1284 795 1315 855 ²,
1342 794 1553 840 locatum
1577 791 1782 839 habetur
1805 809 1817 837 :

406 870 541 934 cujus
562 887 671 935 pars
700 870 895 918 inferior
913 871 964 919 in
987 872 1188 919 modum
1214 880 1388 936 cryptae
1419 870 1540 918 ostio
1569 869 1819 930 clauditur,

404 946 589 996 habens
623 937 935 997 nihilominus
968 960 1015 997 et
1042 950 1144 1014 ipsa
1173 966 1284 997 cum
1310 958 1583 997 sanctorum
1613 946 1823 1012 pignori-

403 1023 522 1072 bus³
545 1025 690 1073 altare
715 1042 870 1073 suum.
898 1029 952 1072 In
983 1026 1110 1073 hanc
1139 1025 1422 1074 venerabilis
1454 1025 1624 1072 mulier
1653 1023 1715 1071 ad
1745 1039 1823 1071 ac·

405 1102 709 1149 cendendum
728 1140 741 1163 ‚
782 1112 834 1149 ut
868 1103 1094 1164 diximus,
1133 1103 1295 1150 lumen
1340 1103 1512 1157 devota
1547 1100 1792 1149 descendit
1807 1139 1819 1162 ‚

405 1195 551 1226 unam
571 1180 908 1227 tantummodo
924 1179 1109 1227 habens
1123 1180 1382 1245 puellulam
1400 1180 1451 1227 in
1469 1179 1699 1227 comitatu
1714 1195 1818 1226 suo.

405 1255 550 1313 Quod
594 1272 715 1321 opus
753 1255 871 1303 dum
911 1267 1068 1319 ageret
1100 1266 1147 1303 et
1175 1272 1271 1303 nox
1301 1254 1558 1302 adveniens
1587 1254 1824 1302 mundum

405 1332 614 1380 tenebris
647 1334 932 1398 operuisset,
979 1333 1258 1381 accedentes
1297 1332 1454 1379 clerici
1469 1369 1482 1394 ,
1525 1331 1825 1397 dictispsal-

352 1444 359 1449 ι
406 1427 598 1458 morum
621 1412 854 1477 capitulis,
879 1411 1098 1460 obserato
1121 1422 1295 1477 cryptae
1317 1412 1457 1471 ostio,
1484 1411 1820 1471 discesserunt,

406 1489 678 1551 ignorantes
701 1489 962 1537 introrsum
987 1507 1085 1537 esse
1122 1490 1385 1536 mulierem.
1416 1492 1474 1536 At
1494 1489 1590 1547 illa,
1624 1504 1823 1537 accenso

405 1565 586 1613 lumine
601 1603 613 1627 ,
663 1566 726 1613 ad
768 1568 944 1615 ostium
978 1577 1204 1633 properat
1236 1576 1291 1613 ut
1322 1565 1638 1630 egrederetur.
1681 1565 1825 1623 Quod

406 1660 518 1690 cum
540 1644 755 1691 clausum
776 1661 877 1692 esse
899 1646 1139 1706 sensisset,
1170 1661 1310 1699 voces
1331 1643 1523 1704 emittit,
1550 1642 1633 1707 qui
1654 1642 1698 1688 ei
1716 1657 1827 1706 ape-

406 1721 500 1768 rire
528 1719 701 1768 debeat
722 1738 778 1768 ex
804 1722 999 1769 nomine
1021 1731 1187 1782 vocat,
1218 1720 1302 1768 sed
1331 1736 1442 1767 cum
1469 1736 1569 1766 non
1591 1728 1711 1766 esset
1730 1735 1824 1764 vox

406 1815 503 1863 prae
535 1799 668 1846 senio
700 1799 765 1846 ita
795 1799 952 1847 valida
980 1816 1085 1863 quae
1114 1808 1273 1864 posset
1301 1805 1549 1864 penetrare
1574 1795 1676 1843 haec
1701 1795 1826 1842 clau-

407 1886 517 1923 stra.
544 1878 597 1923 At
614 1876 698 1923 ubi
723 1894 771 1924 se
793 1878 937 1925 sensit
958 1894 986 1925 a
1009 1877 1142 1924 nullo
1170 1876 1346 1938 audiri,
1370 1883 1605 1941 prostrata
1622 1874 1670 1920 in
1693 1873 1826 1938 pavi·

407 1963 570 2000 mento
588 1955 783 2018 quievit,
803 1955 965 2002 dicens
987 1973 997 2001 z
1020 1958 1296 2020 «Deprecer
1316 1971 1405 2019 pro
1428 1953 1632 2018 peccatis
1647 1951 1764 1998 meis
1779 1960 1842 1998 et.

408 2032 576 2096 populi
614 2033 874 2080 Dominum
915 2033 1133 2079 omnium
1178 2041 1440 2079 creatorem
1456 2068 1468 2092 ,
1513 2029 1826 2094 quoadusque

407 2109 566 2156 veniat
589 2110 671 2173 qui
690 2126 898 2157 reserare
927 2109 1099 2158 debeat
1116 2110 1258 2173 hujus
1280 2109 1393 2156 aedis
1414 2111 1692 2171 ingressum.
1718 2126 1742 2151 »
1758 2110 1825 2153 ·1n

409 2203 504 2251 qua
520 2188 736 2235 oratione
752 2188 1010 2251 excubans,
1030 2188 1149 2236 vidit
1170 2189 1295 2235 circa
1312 2187 1524 2235 medium
1540 2185 1635 2234 fere
1654 2185 1822 2246 noctis,

463 2431 516 2477 (1)
544 2430 867 2481 Burdegalinsim‚
889 2441 1001 2480 supp.
1024 2429 1129 2477 478;
1152 2429 1485 2478 Burdegallinsim,
1506 2427 1625 2464 2204.

463 2494 516 2539 (2)
544 2492 689 2531 Altaria
713 2491 815 2530 edita
833 2491 947 2529 fuisse
967 2490 1058 2529 olim
1079 2499 1116 2528 et
1135 2499 1178 2528 ut
1196 2490 1403 2542 plurimum
1433 2487 1566 2527 subtus
1592 2500 1633 2526 se
1653 2496 1825 2540 cryptam

409 2550 601 2602 habuisse,
623 2554 691 2593 ubi
709 2554 838 2593 fideles
858 2567 969 2592 orare
986 2561 1158 2605 possent,
1178 2552 1306 2590 multis
1326 2551 1512 2603 exemplis
1535 2549 1675 2602 probat
1691 2549 1825 2588 Mabil-

409 2616 533 2654 lonius
551 2617 592 2654 in
611 2617 719 2669 praef.
742 2616 869 2655 saeculi
892 2619 972 2665 111,
1000 2625 1108 2669 parte
1125 2618 1165 2664 I,
1186 2628 1295 2655 num.
1318 2616 1392 2663 87,
1420 2613 1470 2653 ad
1487 2616 1584 2653 Acta
1608 2621 1823 2653 sanctorum

410 2678 494 2717 ord.
516 2679 765 2718 Benedictini.
785 2681 865 2728 (R.)

463 2743 517 2791 (3)
543 2742 735 2793 Reliquias
769 2750 988 2780 sanctorum
1007 2740 1140 2780 subtus
1160 2742 1278 2781 altare
1295 2742 1387 2780 olim
1405 2750 1573 2781 servatas
1606 2739 1720 2779 fuisse
1745 2739 1824 2787 jam

411 2802 589 2843 diximus.
611 2805 706 2844 Vide
724 2804 844 2844 sancti
862 2804 1010 2843 Paulini
1026 2800 1158 2843 Na'tale
1175 2819 1214 2843 1x
1227 2835 1237 2853 ,
1266 2805 1313 2844 de
1332 2814 1463 2843 sancto
1481 2804 1618 2844 Felice.
1639 2805 1720 2851 (R.)
