2002 3418
360 374 437 412 242
762 373 828 410 DE
856 371 1043 410 GLORIA
1071 371 1366 410 MARTYRUM.

361 474 509 506 nuere
530 473 631 505 non
654 457 819 518 valuit,
837 455 897 504 ab
922 473 1004 504 ore
1027 456 1299 521 projiciens,
1324 457 1447 505 inter
1468 474 1638 508 manus
1659 476 1771 507 suo·

361 553 467 583 rum
493 535 555 584 ab
573 536 770 584 ecclesia
796 535 1090 600 deportatur.
1120 537 1214 582 Nec
1240 537 1390 584 caruit
1415 537 1538 585 ultra
1554 537 1646 586 hac
1671 538 1772 603 epi-

358 614 514 679 lepsiae
552 614 851 676 infirmitate,
892 613 975 660 sed
1008 630 1093 678 per
1137 613 1346 677 singulos
1386 615 1574 663 lunares
1611 633 1774 664 cursus

359 693 663 740 incrementis
679 692 1086 755 decrementisque
1108 691 1209 739 haec
1231 710 1416 759 semper
1434 694 1642 759 pertulit,
1661 695 1774 759 quia

359 769 421 818 ab
453 770 628 818 haustu
661 771 811 817 nimio
842 771 941 817 vini
975 769 1171 817 minime
1206 770 1366 817 infelix
1399 771 1642 819 abstinuit.

425 851 535 905 Quo
549 864 662 911 ergo
674 848 774 895 hon
780 864 879 908 ore,
891 863 1044 911 quave
1058 848 1319 896 reverentia
1326 849 1427 896 haec
1439 866 1535 896 nox
1548 848 1775 897 celebrari

360 926 557 986 debeat,
585 942 791 991 praesens
813 926 1084 991 exemplum
1103 925 1261 973 docet.
1288 928 1512 985 Quodam
1532 938 1747 993 tempore
1760 965 1773 986 ‚

359 1019 472 1049 cum
499 1004 550 1049 in
577 1003 670 1050 hac
700 1003 997 1050 solemnitate
1021 1002 1082 1050 de
1105 1004 1264 1067 vigilia
1290 1021 1501 1068 egressus
1530 1005 1776 1071 paululum

360 1079 727 1142 obdormissem,
739 1081 871 1127 venit
887 1080 949 1128 ad
965 1097 1042 1127 me
1059 1082 1132 1127 vir
1150 1082 1362 1145 quidam,
1379 1083 1573 1130 dicens:
1591 1103 1615 1127 α
1631 1085 1777 1171 Surge

358 1167 405 1204 et
417 1168 651 1206 revertere
672 1157 734 1205 ad
753 1158 1027 1219 ecclesiam3
1051 1179 1074 1202 »
1091 1167 1138 1205 et
1149 1176 1239 1223 ego
1256 1136 1624 1225 expergefactus,
1641 1162 1776 1225 signo

358 1235 512 1283 crucis
534 1236 775 1301 opposito,
810 1236 982 1282 iterum
1016 1235 1303 1284 obdormivi.
1337 1240 1433 1285 Nec
1460 1237 1663 1300 destitit,
1695 1238 1779 1287 sed

359 1314 496 1362 iterat
511 1315 674 1380 priora
686 1312 835 1361 verba
850 1313 1018 1362 eadem
1034 1332 1139 1379 quae
1153 1315 1286 1380 prius
1297 1308 1517 1380 persona.
1539 1315 1650 1378 Sed,
1669 1332 1780 1364 cum

358 1409 449 1440 nec
478 1393 691 1441 secunda
717 1393 990 1441 admonitus
1025 1393 1128 1440 vice
1168 1410 1503 1457 consurgerem
1533 1404 1581 1442 et
1608 1394 1779 1441 iterum

360 1470 751 1533 obdormiissem,
794 1470 987 1518 advenit
1022 1470 1181 1532 tertio,
1223 1479 1270 1517 et
1306 1471 1493 1536 alapam
1528 1471 1781 1536 imponens

361 1549 577 1612 maxillae,
616 1549 682 1596 ait
716 1567 729 1597 :
765 1569 788 1593 (ι
814 1552 886 1595 En
922 1558 974 1595 tu
1008 1549 1217 1613 reliquos
1239 1547 1301 1596 ad
1321 1549 1503 1612 vigilias
1521 1548 1780 1597 admonere

361 1626 525 1688 debes,
541 1637 588 1674 et
599 1627 760 1674 adhuc
772 1643 944 1692 sopore
963 1624 1267 1691 opprimeris!
1288 1646 1312 1671 »
1332 1630 1464 1674 Tunc
1481 1643 1658 1692 pavore
1673 1643 1780 1692 per·

360 1705 548 1751 territus
573 1721 685 1751 cum
720 1705 888 1768 grandi
919 1704 1167 1752 velocitate
1198 1703 1260 1751 ad
1292 1705 1539 1752 ecclesiam
1571 1721 1678 1752 sum
1706 1720 1779 1752 re·

362 1797 561 1844 gressus.
581 1784 690 1828 Haec
703 1781 764 1829 de
780 1781 950 1829 natalis
971 1781 1200 1828 dominici
1213 1781 1369 1844 vigilia
1385 1781 1511 1830 dicta
1523 1780 1775 1830 sufficiant.

362 1859 454 1906 Sed
476 1859 538 1907 ad
566 1860 843 1908 temerarios
867 1868 1174 1907 revertamur.

860 2005 1018 2040 CAPUT
1042 2003 1284 2040 LXXXVIII.

602 2086 655 2121 De
669 2084 829 2121 Jordane
845 2085 999 2132 fugiente
1015 2097 1135 2120 coram
1155 2086 1301 2120 muliere
1316 2085 1515 2121 facinorosa
1530 2087 1557 2120 ¹.

431 2179 600 2227 Mulier
618 2189 718 2228 erat
744 2179 959 2227 adultera
987 2178 1049 2227 ab
1078 2179 1266 2226 Hierico
1285 2179 1494 2239 civitate,
1523 2179 1656 2242 cujus
1682 2179 1782 2228 haec

365 2269 467 2306 erat
488 2258 787 2307 consuetudo
811 2258 1052 2306 teterrima
1072 2260 1150 2319 uf,
1180 2258 1365 2322 quoties
1388 2274 1417 2305 a
1438 2265 1595 2304 scorto
1625 2258 1784 2304 conci-

365 2337 502 2402 piens
518 2347 709 2403 partum
726 2336 972 2398 edidisset,
994 2335 1152 2383 statim
1168 2334 1450 2402 suffocatum
1469 2345 1603 2382 terrae
1619 2344 1783 2382 recon-

367 2414 501 2462 deret
517 2452 529 2473 ‚
578 2425 633 2462 ut
675 2415 852 2462 scilicet
887 2413 1020 2460 fieret
1064 2412 1304 2460 occultum
1341 2412 1620 2459 hominibus
1651 2413 1783 2476 quod

367 2496 522 2541 Deum
541 2504 588 2541 et
612 2494 714 2557 ejus
743 2492 936 2555 angelos
964 2508 1063 2538 non
1094 2490 1288 2539 latebat.
1322 2491 1525 2553 Scilicet,
1552 2508 1664 2539 cum
1682 2490 1784 2541 dies

369 2580 558 2618 sanctus
593 2570 973 2636 Epiphaniorum
1014 2567 1280 2616 advenisset
1319 2578 1369 2615 et
1394 2584 1560 2616 omnes
1594 2568 1644 2615 in
1677 2571 1783 2616 Jor-

369 2647 545 2695 danem
581 2647 923 2696 descenderent
955 2645 1147 2694 abluere
1183 2655 1282 2693 tam
1310 2645 1507 2693 vulnera
1544 2646 1784 2711 corporis'

422 2819 476 2865 (1)
495 2820 554 2855 De
572 2820 729 2854 muliere
746 2818 922 2853 adultera
942 2818 998 2852 ad
1013 2818 1232 2863 Iordanem,
1253 2818 1372 2854 2205.

424 2881 481 2927 (9.)
498 2882 544 2918 V.
566 2893 705 2931 supra,
726 2892 811 2930 cap.
834 2891 932 2916 xvn.
