2002 3418
373 320 450 357 230
770 319 837 355 DE
865 318 1052 356 GLORIA
1078 317 1375 355 MARTYRUM.

372 418 600 472 tanquam
628 407 666 453 si
693 406 889 471 aliquod
917 406 1237 454 velamentum
1265 403 1407 452 dorso
1434 403 1780 470 superpositum

372 484 552 545 fuisset,
583 485 648 532 ita
676 501 776 531 non
805 485 1035 545 sentiens,
1061 483 1209 546 magis
1232 481 1378 530 fidem
1405 498 1550 547 quam
1578 491 1784 549 coeperat

370 562 493 609 inter
526 571 765 609 tormenta
797 562 978 626 positus
1010 559 1312 625 praedicabat.
1348 563 1510 623 Itaque
1543 575 1654 606 cum
1686 560 1784 623 regi

310 703 315 707 ,
372 641 661 689 satisfactum
698 641 758 689 de
795 641 895 704 ejus
929 641 1054 688 caede
1086 640 1245 687 fuisset
1260 677 1273 701 ‚
1311 639 1529 687 dimissus
1560 647 1658 699 est,
1683 638 1784 702 'kob-

370 728 569 767 testante
602 735 661 766 eo
685 735 745 766 ne
768 719 818 765 in
847 718 1061 765 terminis
1093 718 1328 782 Hispaniae
1358 731 1573 781 unquam
1605 716 1787 764 inveni·

370 807 515 845 retur.
542 800 597 845 At
625 798 702 845 ille
733 798 863 845 laetus
895 796 1141 844 discedens
1162 797 1211 843 in
1240 796 1414 843 Gallias
1438 803 1508 843 est
1532 810 1782 859 regressus.

373 873 483 935 Sed,
509 884 564 921 ut
584 873 702 922 fides
720 874 858 921 dictis
879 872 1180 934 adhibeatur,
1200 888 1288 935 ego
1307 871 1555 919 hominem
1565 870 1681 932 vidi,
1705 870 1788 934 qui

371 951 474 1000 haec
494 952 557 1001 ab
575 953 722 1017 ipsius
741 952 899 999 clerici
919 968 1001 998 ore
1020 951 1182 999 audita
1198 951 1420 999 narravit.

883 1073 1039 1109 CAPUT
1063 1072 1273 1108 Lxxxm.

373 1156 424 1190 De
445 1155 601 1201 reliquiis
629 1155 785 1203 plurium
812 1165 1026 1204 martyrum,
1054 1155 1158 1191 Pauli
1182 1155 1336 1198 scilicet,
1363 1154 1562 1199 Laurentii,
1593 1154 1788 1201 pancratii,

516 1215 746 1264 Chrysanthi‚
764 1216 879 1252 Dariae
894 1215 1052 1263 virginis,
1071 1215 1221 1250 Ioannis
1234 1223 1268 1250 et
1286 1214 1387 1250 Pauli
1402 1215 1478 1261 ejus
1495 1214 1611 1250 fratris
1623 1215 1649 1250 ¹.

442 1303 531 1348 Per
551 1300 679 1349 hanc
701 1302 830 1348 enim
854 1301 1203 1348 confessionem
1217 1309 1446 1364 martyres
1462 1298 1654 1362 gloriosi
1673 1297 1791 1346 inef-

377 1377 539 1426 fabilia
557 1394 744 1443 semper
765 1378 1042 1426 salutarium
1070 1392 1325 1424 munerum
1350 1373 1583 1422 beneficia
1608 1390 1791 1422 merue-

377 1465 515 1517 runt,
541 1472 597 1503 ac
620 1455 890 1520 petentibus
911 1471 961 1502 se
981 1455 1077 1502 hoc
1102 1455 1416 1520 praestiterunt
1435 1453 1632 1512 virtute,
1659 1452 1792 1517 quod

379 1532 559 1579 eisdem
580 1550 609 1580 a
627 1534 840 1580 Domino
861 1533 1154 1597 impertitum
1170 1543 1240 1579 est
1260 1542 1471 1579 creatore
1482 1568 1494 1592 ‚
1514 1530 1636 1578 sicut
1652 1529 1793 1578 nobis

380 1625 534 1673 nuper
555 1626 584 1657 a
615 1610 820 1657 diacono
850 1619 1013 1656 nostro
1041 1609 1241 1655 relatum
1265 1608 1330 1655 ita
1359 1617 1541 1671 gestum
1579 1623 1679 1654 esse
1714 1623 1793 1654 co-

381 1688 650 1750 gnovimus.
674 1689 761 1735 Hic
779 1697 939 1736 autem
957 1687 1187 1734 diaconus
1198 1690 1212 1712 ²
1235 1703 1263 1735 a
1279 1702 1404 1751 papa
1420 1685 1550 1733 urbis
1569 1687 1791 1734 Romanae

381 1765 570 1828 Pelagio
609 1764 932 1829 quorumdam
964 1774 1226 1829 martyrum
1264 1763 1683 1826 confessorumque
1722 1779 1792 1811 as-

381 1852 570 1907 sumpta
586 1843 806 1908 pignora,
832 1859 944 1890 cum
963 1842 1129 1906 grandi
1148 1842 1396 1906 psallentio
1415 1841 1491 1888 vel
1512 1841 1791 1889 clericorum

381 1918 542 1966 officio
570 1937 626 1968 ac
643 1920 810 1985 populi
832 1920 1052 1968 immensi
1078 1919 1327 1984 obsequio,
1349 1934 1500 1982 usque
1515 1918 1579 1966 ad
1598 1928 1792 1984 portum

380 1995 612 2044 deductus
642 2007 727 2044 est.
754 2001 813 2045 Et
843 1998 1077 2061 ingressus
1095 2013 1267 2045 navem
1279 2034 1293 2058 ,
1317 1997 1483 2044 erectis
1502 1996 1618 2044 velis
1634 2012 1691 2044 ac
1708 2014 1794 2062 per

377 2073 513 2120 illum
534 2085 751 2122 antennae
769 2091 875 2140 quae
892 2075 1146 2123 modulum
1167 2075 1319 2122 crucis
1342 2084 1488 2138 gestat
1513 2085 1792 2140 apparatum

377 2152 579 2199 extensis
593 2188 606 2211 ‚
636 2152 781 2200 flante
807 2163 954 2201 vento
969 2191 981 2213 ,
1016 2154 1211 2218 pelagus
1234 2152 1382 2200 altum
1413 2152 1660 2216 arripiunt.
1697 2154 1792 2210 Qui

377 2227 494 2275 dum
517 2231 763 2294 navigant,
788 2241 843 2279 ut
859 2231 1156 2278 Massiliensis
1173 2229 1305 2276 urbis
1321 2239 1514 2294 portum
1534 2230 1787 2293 attingant,

375 2308 761 2372 appropinquare
783 2318 1031 2374 coeperunt
1055 2308 1117 2356 ad
1137 2308 1298 2355 locum
1321 2307 1594 2371 quemdam,
1613 2307 1674 2355 de
1691 2325 1789 2373 quo

374 2401 403 2431 a
434 2385 591 2432 littore
621 2388 766 2434 maris
792 2387 1008 2452 lapideus
1034 2402 1174 2433 mons
1198 2402 1451 2448 exsurgens
1483 2401 1540 2432 ac
1562 2385 1790 2450 paulatim

372 2459 607 2509 decedens
653 2480 845 2510 summo
883 2472 1021 2510 tenus
1067 2461 1199 2508 unda
1231 2462 1282 2508 in
1320 2462 1440 2508 mari
1486 2461 1785 2510 distenditur.

371 2537 604 2603 Cumque,
634 2541 906 2606 impellente
925 2549 1087 2600 vento,
1113 2540 1275 2587 carina
1291 2556 1467 2602 magno
1488 2539 1670 2605 impetu
1697 2539 1788 2588 fer·

377 2637 456 2645 ῃ,-

423 2679 476 2725 (1)
503 2681 563 2716 De
584 2684 717 2717 virtute
725 2681 970 2730 reliquiarum
987 2692 1068 2730 quae
1086 2679 1193 2731 (cobis
1210 2693 1236 2716 α
1259 2681 1376 2717 Roma
1394 2681 1519 2717 delate
1536 2688 1644 2726 sunt,
1664 2681 1783 2718 2205.

421 2742 475 2788 (2)
495 2743 553 2780 De
570 2754 617 2780 eo
633 2742 703 2781 lib.
717 2745 770 2781 X.
787 2742 886 2782 Hist.
902 2754 990 2794 cap.
1006 2756 1035 2779 1.
1056 2742 1169 2782 Unde
1182 2742 1406 2790 conjicimus
1423 2741 1524 2780 hanc
1540 2741 1784 2793 reliquiarum

367 2806 651 2847 translationem
669 2807 718 2846 ad
737 2821 801 2848 an.
822 2808 914 2847 circ.
938 2810 1014 2847 590
1034 2820 1116 2846 aese
1132 2807 1403 2847 revocandam.
1426 2809 1506 2855 (R.)
