2002 3418
393 322 468 360 ³46
699 325 764 363 DE
790 326 1057 365 MIRACULIS
1087 326 1260 363 SANCTI
1286 327 1495 366 IULIANI.

389 421 471 460 aut
495 422 676 462 teneret
695 425 887 482 captum
901 453 915 478 ,
942 425 1024 463 aut
1047 415 1152 481 capi
1184 415 1374 464 vidisset
1401 416 1462 464 ab
1489 416 1664 481 aliquo.
1690 417 1799 466 Nul-

386 488 488 538 lum
530 490 704 540 dehinc
747 494 911 542 indicii
951 510 1097 558 genus
1138 495 1377 559 reperiens
1391 532 1404 556 ,
1453 495 1620 542 anxius
1655 505 1798 561 atque

387 578 579 617 moestus
601 570 663 618 ad
683 573 950 637 sepulcrum
980 573 1127 620 sancti
1150 571 1427 635 regreditur,
1453 572 1614 637 ibique
1635 590 1797 622 causas

386 643 566 693 doloris
580 662 636 694 ac
653 650 870 698 moeroris
883 666 1142 714 exponens,
1170 648 1353 696 aiebat:
1374 649 1471 697 «Ad
1491 659 1590 712 tua,
1607 651 1793 712 Sancte,

383 722 551 772 limina
572 726 700 788 veni,
725 727 845 774 nihil
867 727 997 775 aliud
1020 743 1165 791 quarn
1185 727 1427 792 parvitatis
1447 743 1564 774 meae
1581 735 1695 775 vota
1716 726 1798 774 de·

383 800 502 849 ferre
527 821 540 850 :
574 803 693 851 nihil
712 805 882 868 injuste
915 805 1111 867 abstuli,
1145 805 1263 852 nihil
1292 805 1410 869 gessi
1437 804 1689 868 indignum
1714 814 1796 853 tua

382 881 703 945 solemnitate;
729 900 831 946 cur,
855 884 1076 948 inquam,
1101 883 1287 949 perdidi
1318 900 1420 930 rem
1446 882 1636 930 meam?
1662 884 1794 946 Rogo

382 967 436 1005 ut
459 960 673 1007 restituas
698 961 924 1008 amissum
938 998 953 1023 ,
982 971 1036 1008 ut
1069 962 1385 1009 necessarium
1424 960 1611 1008 reddas.
1633 978 1658 1005 »
1685 962 1794 1008 Haec

381 1034 496 1083 fletu
519 1036 684 1084 addito
711 1039 866 1100 aiens,
891 1048 945 1085 ut
966 1055 1175 1102 egressus
1197 1049 1266 1086 est
1285 1038 1540 1103 templum,
1564 1038 1795 1102 conspicit

379 1114 566 1160 eminus
599 1131 628 1163 a
665 1115 877 1178 quodam
910 1116 1014 1162 viro
1057 1132 1198 1162 suum
1232 1116 1440 1178 equitem
1478 1115 1686 1161 retineri.
1728 1113 1791 1160 Ad

379 1207 524 1255 quem
549 1191 806 1255 accedens,
834 1193 951 1240 dum
973 1193 1163 1240 discutit
1188 1193 1316 1240 unde
1343 1193 1420 1254 sit,
1452 1201 1534 1240 aut
1557 1191 1687 1238 unde
1715 1207 1793 1238 ve-

379 1269 518 1330 nerit,
544 1279 626 1317 aut
643 1286 699 1317 ex
723 1287 820 1334 quo
835 1281 1052 1336 tempore
1069 1271 1201 1318 hunc
1214 1270 1390 1319 habeat
1407 1286 1602 1334 equum,
1626 1267 1793 1316 didicit

377 1345 479 1409 ipsa
494 1346 617 1394 hora
636 1363 747 1395 eum
769 1348 908 1396 fuisse
925 1358 1183 1414 repertum,
1209 1364 1305 1412 qua
1326 1348 1405 1396 isse
1424 1347 1552 1396 beati
1574 1346 1790 1410 martyris

373 1422 645 1488 imploravit
669 1426 912 1473 auxilium.

935 1563 1092 1600 CAPUT
1115 1563 1236 1600 xxn.

884 1651 936 1684 De
953 1661 1046 1684 caeco
1063 1649 1274 1685 illuminato.

434 1739 556 1784 Cum
583 1747 743 1785 autem
766 1737 964 1803 quidam
994 1737 1056 1785 ab
1085 1754 1144 1786 eo
1171 1738 1283 1785 loco
1311 1754 1398 1803 per
1424 1737 1668 1784 incursum
1689 1735 1788 1783 dia-

366 1813 580 1862 bolicum
614 1814 808 1862 oculum
843 1814 1124 1880 perdidisset
1146 1822 1195 1863 et
1226 1814 1288 1862 ad
1311 1813 1622 1879 hospitiolum
1647 1828 1786 1860 suum

366 1891 586 1939 viduatus
608 1892 788 1939 lumine
814 1891 1062 1940 infeliciter
1086 1891 1327 1952 resideret,
1353 1907 1411 1939 ac
1429 1889 1652 1938 manibus
1671 1887 1786 1954 pro-

365 1967 480 2032 priis
498 1967 619 2016 nihil
639 1967 860 2016 laborare
875 1969 1133 2033 praevalens
1147 1984 1281 2033 spem
1299 1967 1447 2015 ullam
1458 1965 1673 2014 alimonii
1683 1978 1785 2013 non

364 2044 587 2105 haberet,
621 2047 841 2112 apparuit
873 2047 917 2094 ei
946 2047 1021 2094 vir
1047 2047 1098 2093 in
1124 2046 1229 2093 visu
1258 2045 1439 2106 noctis,
1469 2055 1784 2092 commonens

363 2132 418 2170 ut
458 2122 520 2171 ad
549 2121 678 2171 beati
703 2122 950 2171 basilicam
993 2123 1286 2182 ambularet3
1326 2121 1506 2186 ibique,
1537 2121 1577 2169 si
1611 2119 1782 2168 devote

363 2209 580 2263 suggerat
595 2237 608 2262 ,
654 2201 890 2265 promittit
925 2200 1152 2248 auxilium
1191 2199 1411 2247 inveniri.
1450 2199 1506 2245 At
1546 2197 1624 2244 ille
1661 2186 1780 2243 nihil

363 2286 599 2337 moratus,
626 2287 815 2343 arrepto
832 2277 1042 2338 bacello,
1068 2277 1436 2325 adminiculante
1457 2290 1625 2340 puero,
1647 2289 1779 2335 sanc-

360 2363 464 2400 tum
487 2355 723 2418 ingressus
744 2365 815 2402 est
834 2355 1012 2402 locum.
1033 2356 1143 2416 Qui,
1171 2364 1280 2419 post
1299 2353 1587 2418 completam
1605 2352 1778 2400 oratio-

361 2448 497 2494 nem,
520 2432 1024 2498 archipresbyterum¹,
1052 2433 1133 2496 qui
1156 2441 1270 2479 tunc
1292 2431 1454 2479 locum
1476 2431 1633 2496 ipsum
1651 2445 1777 2493 rege·

358 2507 465 2570 bat,
493 2511 689 2557 nomine
719 2510 1031 2572 Publianum,
1057 2509 1220 2570 adivit,
1250 2509 1520 2575 supplicans
1547 2518 1602 2555 ut
1627 2507 1776 2555 oculis
1830 2522 1835 2529 ·

359 2587 493 2633 caecis
514 2587 687 2634 Christi
709 2604 899 2635 crucem
924 2587 1210 2652 imponeret.
1238 2590 1346 2633 Erat
1368 2587 1497 2633 enim
1513 2585 1652 2633 valde
1672 2584 1775 2631 reli-

412 2748 466 2799 (1)
487 2754 572 2790 Jam
599 2752 728 2803 itaque
752 2761 843 2791 tunc
865 2759 973 2790 erant
1002 2752 1041 2790 in
1069 2730 1163 2791 {sicis
1190 2750 1524 2803 archipresbyteri.
1554 2749 1649 2788 Vide
1671 2748 1771 2787 Tho-

363 2814 517 2852 massini
534 2814 692 2866 Discipl.
716 2815 853 2854 eccles.
874 2823 983 2866 parte
1000 2817 1033 2862 1,
1057 2815 1126 2856 lib.
1147 2818 1200 2862 11,
1228 2828 1314 2867 cap.
1336 2828 1384 2853 111
1401 2822 1440 2852 et
1456 2827 1564 2865 seqq.
1586 2812 1674 2863 (R.)
