<?xml version="1.0" encoding="UTF-8"?>
<!DOCTYPE html PUBLIC "-//W3C//DTD XHTML 1.0 Transitional//EN"
    "http://www.w3.org/TR/xhtml1/DTD/xhtml1-transitional.dtd">
<html xmlns="http://www.w3.org/1999/xhtml" xml:lang="en" lang="en">
 <head>
  <title>
</title>
<meta http-equiv="Content-Type" content="text/html;charset=utf-8" />
  <meta name='ocr-system' content='tesseract 3.04.00' />
  <meta name='ocr-capabilities' content='ocr_page ocr_carea ocr_par ocr_line ocrx_word'/>
</head>
<body>
  <div class='ocr_page' id='page_1' title='image "./leslivresdesmira01greguoft_0464.png"; bbox 0 0 2002 3418; ppageno 0'>
   <div class='ocr_carea' id='block_1_1' title="bbox 362 328 1299 382">
    <p class='ocr_par' dir='ltr' id='par_1_1' title="bbox 362 328 1299 382">
     <span class='ocr_line' id='line_1_1' title="bbox 362 328 1299 382; baseline 0 -6"><span class='ocrx_word' id='word_1_1' title='bbox 362 339 436 376; x_wconf 74' lang='lat'><strong>408</strong></span> <span class='ocrx_word' id='word_1_2' title='bbox 826 328 1299 382; x_wconf 64' lang='lat' dir='ltr'><strong>ssCLAlncissEMENTs</strong></span> 
     </span>
    </p>
   </div>
   <div class='ocr_carea' id='block_1_2' title="bbox 357 426 1814 2644">
    <p class='ocr_par' dir='ltr' id='par_1_2' title="bbox 357 426 1814 1396">
     <span class='ocr_line' id='line_1_2' title="bbox 359 426 1765 480; baseline 0.002 -14"><span class='ocrx_word' id='word_1_3' title='bbox 359 428 511 480; x_wconf 87' lang='lat' dir='ltr'><strong>collegit</strong></span> <span class='ocrx_word' id='word_1_4' title='bbox 533 436 575 466; x_wconf 87' lang='lat' dir='ltr'><strong>ut</strong></span> <span class='ocrx_word' id='word_1_5' title='bbox 593 426 754 466; x_wconf 87' lang='lat' dir='ltr'><strong>nutriret</strong></span> <span class='ocrx_word' id='word_1_6' title='bbox 771 440 810 465; x_wconf 80' lang='lat' dir='ltr'><strong>tn</strong></span> <span class='ocrx_word' id='word_1_7' title='bbox 828 428 930 476; x_wconf 87' lang='lat' dir='ltr'><strong>fili0;</strong></span> <span class='ocrx_word' id='word_1_8' title='bbox 957 429 1204 480; x_wconf 87' lang='lat' dir='ltr'><strong>placatusque</strong></span> <span class='ocrx_word' id='word_1_9' title='bbox 1222 429 1407 466; x_wconf 90' lang='lat' dir='ltr'><strong>Dominus</strong></span> <span class='ocrx_word' id='word_1_10' title='bbox 1430 429 1470 466; x_wconf 90' lang='lat' dir='ltr'><strong>in</strong></span> <span class='ocrx_word' id='word_1_11' title='bbox 1490 441 1536 467; x_wconf 89' lang='lat' dir='ltr'><strong>eo</strong></span> <span class='ocrx_word' id='word_1_12' title='bbox 1556 428 1645 468; x_wconf 83' lang='lat' dir='ltr'><strong>fecit</strong></span> <span class='ocrx_word' id='word_1_13' title='bbox 1664 429 1765 469; x_wconf 79' lang='lat' dir='ltr'><strong>salu-</strong></span> 
     </span>
     <span class='ocr_line' id='line_1_3' title="bbox 360 491 1769 545; baseline 0.001 -13"><span class='ocrx_word' id='word_1_14' title='bbox 360 502 436 532; x_wconf 89' lang='lat' dir='ltr'><strong>tem</strong></span> <span class='ocrx_word' id='word_1_15' title='bbox 453 492 494 531; x_wconf 89' lang='lat' dir='ltr'><strong>in</strong></span> <span class='ocrx_word' id='word_1_16' title='bbox 514 505 630 530; x_wconf 91' lang='lat' dir='ltr'><strong>manu</strong></span> <span class='ocrx_word' id='word_1_17' title='bbox 647 491 742 541; x_wconf 88' lang='lat' dir='ltr'><strong>ejus.</strong></span> <span class='ocrx_word' id='word_1_18' title='bbox 765 493 839 542; x_wconf 90' lang='lat' dir='ltr'><strong>Qui</strong></span> <span class='ocrx_word' id='word_1_19' title='bbox 857 493 970 532; x_wconf 90' lang='lat' dir='ltr'><strong>etiam</strong></span> <span class='ocrx_word' id='word_1_20' title='bbox 989 493 1174 545; x_wconf 90' lang='lat' dir='ltr'><strong>populum</strong></span> <span class='ocrx_word' id='word_1_21' title='bbox 1191 492 1466 532; x_wconf 88' lang='lat' dir='ltr'><strong>Israheliticum</strong></span> <span class='ocrx_word' id='word_1_22' title='bbox 1484 506 1554 545; x_wconf 90' lang='lat' dir='ltr'><strong>per</strong></span> <span class='ocrx_word' id='word_1_23' title='bbox 1570 494 1712 533; x_wconf 84' lang='lat' dir='ltr'><strong>siccum</strong></span> <span class='ocrx_word' id='word_1_24' title='bbox 1730 503 1769 534; x_wconf 88' lang='lat' dir='ltr'><strong>et</strong></span> 
     </span>
     <span class='ocr_line' id='line_1_4' title="bbox 359 556 1766 612; baseline 0.001 -15"><span class='ocrx_word' id='word_1_25' title='bbox 359 558 485 610; x_wconf 86' lang='lat' dir='ltr'><strong>medio</strong></span> <span class='ocrx_word' id='word_1_26' title='bbox 501 557 596 596; x_wconf 91' lang='lat' dir='ltr'><strong>mari</strong></span> <span class='ocrx_word' id='word_1_27' title='bbox 609 556 727 596; x_wconf 89' lang='lat' dir='ltr'><strong>rubro</strong></span> <span class='ocrx_word' id='word_1_28' title='bbox 745 557 877 596; x_wconf 85' lang='lat' dir='ltr'><strong>eduxit</strong></span> <span class='ocrx_word' id='word_1_29' title='bbox 895 567 933 596; x_wconf 90' lang='lat' dir='ltr'><strong>et</strong></span> <span class='ocrx_word' id='word_1_30' title='bbox 950 558 1087 596; x_wconf 73' lang='lat' dir='ltr'><strong>sitienti</strong></span> <span class='ocrx_word' id='word_1_31' title='bbox 1104 558 1248 610; x_wconf 92' lang='lat' dir='ltr'><strong>populo</strong></span> <span class='ocrx_word' id='word_1_32' title='bbox 1265 571 1365 610; x_wconf 90' lang='lat' dir='ltr'><strong>aqua</strong></span> <span class='ocrx_word' id='word_1_33' title='bbox 1382 559 1429 597; x_wconf 91' lang='lat' dir='ltr'><strong>de</strong></span> <span class='ocrx_word' id='word_1_34' title='bbox 1445 568 1554 611; x_wconf 85' lang='lat' dir='ltr'><strong>petra</strong></span> <span class='ocrx_word' id='word_1_35' title='bbox 1571 560 1766 612; x_wconf 81' lang='lat' dir='ltr'><strong>produxit,</strong></span> 
     </span>
     <span class='ocr_line' id='line_1_5' title="bbox 357 622 1766 674; baseline 0.001 -13"><span class='ocrx_word' id='word_1_36' title='bbox 357 622 420 661; x_wconf 86' lang='lat' dir='ltr'><strong>cui</strong></span> <span class='ocrx_word' id='word_1_37' title='bbox 436 622 478 661; x_wconf 94' lang='lat' dir='ltr'><strong>in</strong></span> <span class='ocrx_word' id='word_1_38' title='bbox 494 630 664 660; x_wconf 91' lang='lat' dir='ltr'><strong>montem</strong></span> <span class='ocrx_word' id='word_1_39' title='bbox 682 622 783 673; x_wconf 87' lang='lat' dir='ltr'><strong>Syna</strong></span> <span class='ocrx_word' id='word_1_40' title='bbox 800 622 921 674; x_wconf 89' lang='lat' dir='ltr'><strong>legem</strong></span> <span class='ocrx_word' id='word_1_41' title='bbox 940 623 1043 661; x_wconf 86' lang='lat' dir='ltr'><strong>dedit</strong></span> <span class='ocrx_word' id='word_1_42' title='bbox 1062 631 1100 661; x_wconf 92' lang='lat' dir='ltr'><strong>et</strong></span> <span class='ocrx_word' id='word_1_43' title='bbox 1118 622 1323 674; x_wconf 87' lang='lat' dir='ltr'><strong>baptizavit</strong></span> <span class='ocrx_word' id='word_1_44' title='bbox 1340 623 1380 661; x_wconf 89' lang='lat' dir='ltr'><strong>in</strong></span> <span class='ocrx_word' id='word_1_45' title='bbox 1400 622 1503 661; x_wconf 86' lang='lat' dir='ltr'><strong>nube</strong></span> <span class='ocrx_word' id='word_1_46' title='bbox 1521 632 1559 662; x_wconf 91' lang='lat' dir='ltr'><strong>et</strong></span> <span class='ocrx_word' id='word_1_47' title='bbox 1575 623 1615 662; x_wconf 93' lang='lat' dir='ltr'><strong>in</strong></span> <span class='ocrx_word' id='word_1_48' title='bbox 1635 624 1766 663; x_wconf 87' lang='lat' dir='ltr'><strong>mari¹.</strong></span> 
     </span>
     <span class='ocr_line' id='line_1_6' title="bbox 358 688 1768 741; baseline 0.001 -15"><span class='ocrx_word' id='word_1_49' title='bbox 358 688 516 727; x_wconf 89' lang='lat' dir='ltr'><strong>Illorum</strong></span> <span class='ocrx_word' id='word_1_50' title='bbox 541 700 708 739; x_wconf 91' lang='lat' dir='ltr'><strong>namque</strong></span> <span class='ocrx_word' id='word_1_51' title='bbox 735 688 968 727; x_wconf 85' lang='lat' dir='ltr'><strong>anteriorum</strong></span> <span class='ocrx_word' id='word_1_52' title='bbox 997 688 1146 726; x_wconf 84' lang='lat' dir='ltr'><strong>humeri</strong></span> <span class='ocrx_word' id='word_1_53' title='bbox 1169 688 1328 727; x_wconf 88' lang='lat' dir='ltr'><strong>istorum</strong></span> <span class='ocrx_word' id='word_1_54' title='bbox 1352 689 1572 741; x_wconf 82' lang='lat' dir='ltr'><strong>ymaginum</strong></span> <span class='ocrx_word' id='word_1_55' title='bbox 1596 689 1768 727; x_wconf 91' lang='lat' dir='ltr'><strong>similitu-</strong></span> 
     </span>
     <span class='ocr_line' id='line_1_7' title="bbox 359 751 1771 807; baseline 0.002 -16"><span class='ocrx_word' id='word_1_56' title='bbox 359 753 487 792; x_wconf 90' lang='lat' dir='ltr'><strong>dinem</strong></span> <span class='ocrx_word' id='word_1_57' title='bbox 507 760 661 804; x_wconf 87' lang='lat' dir='ltr'><strong>portant</strong></span> <span class='ocrx_word' id='word_1_58' title='bbox 672 783 682 802; x_wconf 92' lang='lat'><strong>,</strong></span> <span class='ocrx_word' id='word_1_59' title='bbox 710 751 808 791; x_wconf 87' lang='lat' dir='ltr'><strong>sicut</strong></span> <span class='ocrx_word' id='word_1_60' title='bbox 827 761 865 791; x_wconf 89' lang='lat' dir='ltr'><strong>et</strong></span> <span class='ocrx_word' id='word_1_61' title='bbox 881 753 1011 792; x_wconf 90' lang='lat' dir='ltr'><strong>divina</strong></span> <span class='ocrx_word' id='word_1_62' title='bbox 1031 767 1110 791; x_wconf 83' lang='lat' dir='ltr'><strong>vox</strong></span> <span class='ocrx_word' id='word_1_63' title='bbox 1127 754 1179 792; x_wconf 87' lang='lat' dir='ltr'><strong>ait</strong></span> <span class='ocrx_word' id='word_1_64' title='bbox 1202 768 1209 791; x_wconf 93' lang='lat'><strong>:</strong></span> <span class='ocrx_word' id='word_1_65' title='bbox 1237 773 1253 788; x_wconf 76' lang='lat' dir='ltr'>u</span> <span class='ocrx_word' id='word_1_66' title='bbox 1269 753 1370 793; x_wconf 91' lang='lat' dir='ltr'><strong>Misit</strong></span> <span class='ocrx_word' id='word_1_67' title='bbox 1385 754 1471 793; x_wconf 90' lang='lat' dir='ltr'><strong>illos</strong></span> <span class='ocrx_word' id='word_1_68' title='bbox 1486 753 1598 793; x_wconf 88' lang='lat' dir='ltr'><strong>binos</strong></span> <span class='ocrx_word' id='word_1_69' title='bbox 1615 754 1665 793; x_wconf 89' lang='lat' dir='ltr'><strong>ad</strong></span> <span class='ocrx_word' id='word_1_70' title='bbox 1685 768 1771 807; x_wconf 89' lang='lat' dir='ltr'><strong>pre-</strong></span> 
     </span>
     <span class='ocr_line' id='line_1_8' title="bbox 358 817 1771 871; baseline 0.002 -15"><span class='ocrx_word' id='word_1_71' title='bbox 358 817 562 856; x_wconf 84' lang='lat' dir='ltr'><strong>dicandum</strong></span> <span class='ocrx_word' id='word_1_72' title='bbox 580 825 623 855; x_wconf 92' lang='lat' dir='ltr'><strong>ut</strong></span> <span class='ocrx_word' id='word_1_73' title='bbox 641 817 795 856; x_wconf 90' lang='lat' dir='ltr'><strong>easdem</strong></span> <span class='ocrx_word' id='word_1_74' title='bbox 814 827 1037 857; x_wconf 81' lang='lat' dir='ltr'><strong>exercerent</strong></span> <span class='ocrx_word' id='word_1_75' title='bbox 1059 818 1300 871; x_wconf 85' lang='lat' dir='ltr'><strong>operationes</strong></span> <span class='ocrx_word' id='word_1_76' title='bbox 1319 829 1358 858; x_wconf 88' lang='lat' dir='ltr'><strong>et</strong></span> <span class='ocrx_word' id='word_1_77' title='bbox 1374 819 1546 859; x_wconf 89' lang='lat' dir='ltr'><strong>virtutes.</strong></span> <span class='ocrx_word' id='word_1_78' title='bbox 1566 833 1585 857; x_wconf 87' lang='lat'><strong>»</strong></span> <span class='ocrx_word' id='word_1_79' title='bbox 1606 822 1653 858; x_wconf 87' lang='lat' dir='ltr'><strong>Et</strong></span> <span class='ocrx_word' id='word_1_80' title='bbox 1669 820 1771 859; x_wconf 91' lang='lat' dir='ltr'><strong>idem</strong></span> 
     </span>
     <span class='ocr_line' id='line_1_9' title="bbox 358 883 1768 940; baseline 0.001 -18"><span class='ocrx_word' id='word_1_81' title='bbox 358 883 531 936; x_wconf 85' lang='lat' dir='ltr'><strong>egregius</strong></span> <span class='ocrx_word' id='word_1_82' title='bbox 551 883 766 935; x_wconf 84' lang='lat' dir='ltr'><strong>predicator</strong></span> <span class='ocrx_word' id='word_1_83' title='bbox 784 883 918 921; x_wconf 90' lang='lat' dir='ltr'><strong>beatus</strong></span> <span class='ocrx_word' id='word_1_84' title='bbox 934 884 1073 922; x_wconf 87' lang='lat' dir='ltr'><strong>Paulus</strong></span> <span class='ocrx_word' id='word_1_85' title='bbox 1091 884 1285 940; x_wconf 83' lang='lat' dir='ltr'><strong>apostolus</strong></span> <span class='ocrx_word' id='word_1_86' title='bbox 1303 893 1341 922; x_wconf 88' lang='lat' dir='ltr'><strong>et</strong></span> <span class='ocrx_word' id='word_1_87' title='bbox 1359 884 1493 922; x_wconf 92' lang='lat' dir='ltr'><strong>doctor</strong></span> <span class='ocrx_word' id='word_1_88' title='bbox 1509 884 1677 936; x_wconf 87' lang='lat' dir='ltr'><strong>gentium</strong></span> <span class='ocrx_word' id='word_1_89' title='bbox 1694 885 1768 924; x_wconf 83' lang='lat' dir='ltr'><strong>ait:</strong></span> 
     </span>
     <span class='ocr_line' id='line_1_10' title="bbox 361 948 1768 1000; baseline 0.003 -16"><span class='ocrx_word' id='word_1_90' title='bbox 361 965 380 984; x_wconf 77' lang='grc' dir='ltr'><strong>α</strong></span> <span class='ocrx_word' id='word_1_91' title='bbox 395 950 427 987; x_wconf 94' lang='grc' dir='ltr'><strong>Ο</strong></span> <span class='ocrx_word' id='word_1_92' title='bbox 443 948 602 987; x_wconf 88' lang='lat' dir='ltr'><strong>altitudo</strong></span> <span class='ocrx_word' id='word_1_93' title='bbox 619 948 837 987; x_wconf 88' lang='lat' dir='ltr'><strong>divinarum</strong></span> <span class='ocrx_word' id='word_1_94' title='bbox 862 949 1045 1000; x_wconf 86' lang='lat' dir='ltr'><strong>sapientie</strong></span> <span class='ocrx_word' id='word_1_95' title='bbox 1067 957 1182 1000; x_wconf 84' lang='lat' dir='ltr'><strong>atque</strong></span> <span class='ocrx_word' id='word_1_96' title='bbox 1210 948 1365 987; x_wconf 85' lang='lat' dir='ltr'><strong>scientie</strong></span> <span class='ocrx_word' id='word_1_97' title='bbox 1382 948 1469 997; x_wconf 88' lang='lat' dir='ltr'><strong>Dei,</strong></span> <span class='ocrx_word' id='word_1_98' title='bbox 1489 962 1605 1000; x_wconf 88' lang='lat' dir='ltr'><strong>quam</strong></span> <span class='ocrx_word' id='word_1_99' title='bbox 1623 949 1768 988; x_wconf 86' lang='lat' dir='ltr'><strong>inscru-</strong></span> 
     </span>
     <span class='ocr_line' id='line_1_11' title="bbox 358 1012 1769 1066; baseline 0.001 -14"><span class='ocrx_word' id='word_1_100' title='bbox 358 1014 488 1052; x_wconf 79' lang='lat' dir='ltr'><strong>tabilia</strong></span> <span class='ocrx_word' id='word_1_101' title='bbox 511 1021 600 1051; x_wconf 90' lang='lat' dir='ltr'><strong>sunt</strong></span> <span class='ocrx_word' id='word_1_102' title='bbox 618 1012 762 1061; x_wconf 87' lang='lat' dir='ltr'><strong>judicia</strong></span> <span class='ocrx_word' id='word_1_103' title='bbox 791 1013 871 1062; x_wconf 90' lang='lat' dir='ltr'><strong>ejus</strong></span> <span class='ocrx_word' id='word_1_104' title='bbox 896 1022 934 1051; x_wconf 91' lang='lat' dir='ltr'><strong>et</strong></span> <span class='ocrx_word' id='word_1_105' title='bbox 957 1014 1238 1066; x_wconf 86' lang='lat' dir='ltr'><strong>investigabiles</strong></span> <span class='ocrx_word' id='word_1_106' title='bbox 1264 1014 1327 1053; x_wconf 83' lang='lat' dir='ltr'><strong>vie</strong></span> <span class='ocrx_word' id='word_1_107' title='bbox 1350 1014 1444 1063; x_wconf 86' lang='lat' dir='ltr'><strong>ejus.</strong></span> <span class='ocrx_word' id='word_1_108' title='bbox 1465 1031 1482 1050; x_wconf 70' lang='lat' dir='ltr'>n</span> <span class='ocrx_word' id='word_1_109' title='bbox 1518 1017 1615 1054; x_wconf 89' lang='lat' dir='ltr'><strong>Vere</strong></span> <span class='ocrx_word' id='word_1_110' title='bbox 1646 1016 1769 1064; x_wconf 91' lang='lat' dir='ltr'><strong>enim,</strong></span> 
     </span>
     <span class='ocr_line' id='line_1_12' title="bbox 358 1078 1772 1131; baseline 0.003 -15"><span class='ocrx_word' id='word_1_111' title='bbox 358 1078 538 1125; x_wconf 88' lang='lat' dir='ltr'><strong>Domine,</strong></span> <span class='ocrx_word' id='word_1_112' title='bbox 555 1078 687 1117; x_wconf 89' lang='lat' dir='ltr'><strong>divina</strong></span> <span class='ocrx_word' id='word_1_113' title='bbox 703 1078 823 1130; x_wconf 81' lang='lat' dir='ltr'><strong>pietas</strong></span> <span class='ocrx_word' id='word_1_114' title='bbox 842 1087 881 1117; x_wconf 90' lang='lat' dir='ltr'><strong>et</strong></span> <span class='ocrx_word' id='word_1_115' title='bbox 897 1078 1098 1117; x_wconf 84' lang='lat' dir='ltr'><strong>clementia</strong></span> <span class='ocrx_word' id='word_1_116' title='bbox 1116 1087 1181 1117; x_wconf 88' lang='lat' dir='ltr'><strong>tua</strong></span> <span class='ocrx_word' id='word_1_117' title='bbox 1198 1091 1334 1118; x_wconf 90' lang='lat' dir='ltr'><strong>verum</strong></span> <span class='ocrx_word' id='word_1_118' title='bbox 1351 1079 1534 1131; x_wconf 87' lang='lat' dir='ltr'><strong>piumque</strong></span> <span class='ocrx_word' id='word_1_119' title='bbox 1547 1081 1772 1120; x_wconf 89' lang='lat' dir='ltr'><strong>clementem</strong></span> 
     </span>
     <span class='ocr_line' id='line_1_13' title="bbox 359 1144 1773 1197; baseline 0.001 -14"><span class='ocrx_word' id='word_1_120' title='bbox 359 1144 468 1183; x_wconf 89' lang='lat' dir='ltr'><strong>fecit.</strong></span> <span class='ocrx_word' id='word_1_121' title='bbox 496 1144 571 1184; x_wconf 90' lang='lat' dir='ltr'><strong>Sed</strong></span> <span class='ocrx_word' id='word_1_122' title='bbox 593 1157 644 1183; x_wconf 91' lang='lat' dir='ltr'><strong>ne</strong></span> <span class='ocrx_word' id='word_1_123' title='bbox 668 1153 819 1196; x_wconf 91' lang='lat' dir='ltr'><strong>tempus</strong></span> <span class='ocrx_word' id='word_1_124' title='bbox 843 1158 929 1184; x_wconf 89' lang='lat' dir='ltr'><strong>mee</strong></span> <span class='ocrx_word' id='word_1_125' title='bbox 951 1145 1136 1184; x_wconf 84' lang='lat' dir='ltr'><strong>tarditatis</strong></span> <span class='ocrx_word' id='word_1_126' title='bbox 1159 1144 1422 1197; x_wconf 89' lang='lat' dir='ltr'><strong>apprehendat</strong></span> <span class='ocrx_word' id='word_1_127' title='bbox 1444 1145 1648 1197; x_wconf 86' lang='lat' dir='ltr'><strong>loquendi,</strong></span> <span class='ocrx_word' id='word_1_128' title='bbox 1681 1155 1773 1185; x_wconf 90' lang='lat' dir='ltr'><strong>tunc</strong></span> 
     </span>
     <span class='ocr_line' id='line_1_14' title="bbox 358 1209 1774 1262; baseline 0.001 -14"><span class='ocrx_word' id='word_1_129' title='bbox 358 1209 539 1262; x_wconf 89' lang='lat' dir='ltr'><strong>incipiam</strong></span> <span class='ocrx_word' id='word_1_130' title='bbox 558 1210 606 1249; x_wconf 91' lang='lat' dir='ltr'><strong>de</strong></span> <span class='ocrx_word' id='word_1_131' title='bbox 623 1210 860 1249; x_wconf 89' lang='lat' dir='ltr'><strong>mirabilibus</strong></span> <span class='ocrx_word' id='word_1_132' title='bbox 883 1210 986 1250; x_wconf 87' lang='lat' dir='ltr'><strong>beati</strong></span> <span class='ocrx_word' id='word_1_133' title='bbox 1003 1211 1207 1250; x_wconf 89' lang='lat' dir='ltr'><strong>Clementis</strong></span> <span class='ocrx_word' id='word_1_134' title='bbox 1231 1224 1423 1250; x_wconf 87' lang='lat' dir='ltr'><strong>enarrare.</strong></span> <span class='ocrx_word' id='word_1_135' title='bbox 1445 1211 1568 1251; x_wconf 86' lang='lat' dir='ltr'><strong>Credo</strong></span> <span class='ocrx_word' id='word_1_136' title='bbox 1585 1211 1687 1250; x_wconf 90' lang='lat' dir='ltr'><strong>enim</strong></span> <span class='ocrx_word' id='word_1_137' title='bbox 1703 1223 1774 1251; x_wconf 84' lang='lat' dir='ltr'><strong>vos</strong></span> 
     </span>
     <span class='ocr_line' id='line_1_15' title="bbox 358 1272 1814 1330; baseline 0.001 -15"><span class='ocrx_word' id='word_1_138' title='bbox 358 1290 438 1315; x_wconf 91' lang='lat' dir='ltr'><strong>non</strong></span> <span class='ocrx_word' id='word_1_139' title='bbox 452 1277 586 1325; x_wconf 82' lang='lat' dir='ltr'><strong>latere,</strong></span> <span class='ocrx_word' id='word_1_140' title='bbox 607 1276 714 1315; x_wconf 71' lang='lat' dir='ltr'><strong>Deo¹</strong></span> <span class='ocrx_word' id='word_1_141' title='bbox 729 1277 881 1325; x_wconf 88' lang='lat' dir='ltr'><strong>fratres,</strong></span> <span class='ocrx_word' id='word_1_142' title='bbox 899 1276 1004 1328; x_wconf 91' lang='lat' dir='ltr'><strong>quod</strong></span> <span class='ocrx_word' id='word_1_143' title='bbox 1023 1278 1197 1316; x_wconf 89' lang='lat' dir='ltr'><strong>Clemens</strong></span> <span class='ocrx_word' id='word_1_144' title='bbox 1215 1286 1374 1329; x_wconf 84' lang='lat' dir='ltr'><strong>martyr,</strong></span> <span class='ocrx_word' id='word_1_145' title='bbox 1396 1285 1439 1316; x_wconf 92' lang='lat' dir='ltr'><strong>ut</strong></span> <span class='ocrx_word' id='word_1_146' title='bbox 1451 1277 1492 1316; x_wconf 92' lang='lat' dir='ltr'><strong>in</strong></span> <span class='ocrx_word' id='word_1_147' title='bbox 1505 1277 1681 1330; x_wconf 83' lang='lat' dir='ltr'><strong>passione</strong></span> <span class='ocrx_word' id='word_1_148' title='bbox 1694 1277 1776 1326; x_wconf 86' lang='lat' dir='ltr'><strong>ejus</strong></span> <span class='ocrx_word' id='word_1_149' title='bbox 1810 1272 1814 1277; x_wconf 44' lang='lat'><em>¹</em></span> 
     </span>
     <span class='ocr_line' id='line_1_16' title="bbox 365 1341 1773 1396; baseline 0.002 -17"><span class='ocrx_word' id='word_1_150' title='bbox 365 1341 517 1394; x_wconf 86' lang='lat' dir='ltr'><strong>legitur,</strong></span> <span class='ocrx_word' id='word_1_151' title='bbox 544 1341 713 1381; x_wconf 86' lang='lat' dir='ltr'><strong>anchora</strong></span> <span class='ocrx_word' id='word_1_152' title='bbox 731 1342 773 1380; x_wconf 91' lang='lat' dir='ltr'><strong>in</strong></span> <span class='ocrx_word' id='word_1_153' title='bbox 791 1343 979 1391; x_wconf 87' lang='lat' dir='ltr'><strong>collo....,</strong></span> <span class='ocrx_word' id='word_1_154' title='bbox 1005 1351 1078 1382; x_wconf 90' lang='lat' dir='ltr'><strong>etc.</strong></span> <span class='ocrx_word' id='word_1_155' title='bbox 1101 1345 1214 1394; x_wconf 78' lang='lat' dir='ltr'><strong>&lt;v0y.</strong></span> <span class='ocrx_word' id='word_1_156' title='bbox 1235 1343 1437 1392; x_wconf 86' lang='lat' dir='ltr'><strong>ci-dessus,</strong></span> <span class='ocrx_word' id='word_1_157' title='bbox 1457 1357 1498 1396; x_wconf 87' lang='lat' dir='ltr'><strong>p.</strong></span> <span class='ocrx_word' id='word_1_158' title='bbox 1516 1345 1610 1392; x_wconf 86' lang='lat'><strong>100,</strong></span> <span class='ocrx_word' id='word_1_159' title='bbox 1628 1343 1694 1396; x_wconf 85' lang='lat' dir='ltr'><strong>lig.</strong></span> <span class='ocrx_word' id='word_1_160' title='bbox 1715 1342 1773 1396; x_wconf 78' lang='lat'><strong>2.)</strong></span> 
     </span>
    </p>

    <p class='ocr_par' dir='ltr' id='par_1_3' title="bbox 360 1407 1775 1661">
     <span class='ocr_line' id='line_1_17' title="bbox 412 1407 1775 1463; baseline 0.001 -17"><span class='ocrx_word' id='word_1_161' title='bbox 412 1408 496 1460; x_wconf 89' lang='lat' dir='ltr'><strong>Lig.</strong></span> <span class='ocrx_word' id='word_1_162' title='bbox 519 1410 558 1456; x_wconf 73' lang='lat'><strong>4,</strong></span> <span class='ocrx_word' id='word_1_163' title='bbox 579 1408 683 1446; x_wconf 91' lang='lat' dir='ltr'><strong>milia</strong></span> <span class='ocrx_word' id='word_1_164' title='bbox 700 1407 909 1447; x_wconf 86' lang='lat' dir='ltr'><strong>stadiorum</strong></span> <span class='ocrx_word' id='word_1_165' title='bbox 930 1409 1150 1460; x_wconf 90' lang='lat' dir='ltr'><strong>siccumque</strong></span> <span class='ocrx_word' id='word_1_166' title='bbox 1166 1408 1466 1461; x_wconf 80' lang='lat' dir='ltr'><strong>ingredientibus</strong></span> <span class='ocrx_word' id='word_1_167' title='bbox 1483 1409 1686 1463; x_wconf 85' lang='lat' dir='ltr'><strong>vestigium</strong></span> <span class='ocrx_word' id='word_1_168' title='bbox 1701 1410 1775 1449; x_wconf 81' lang='lat' dir='ltr'><strong>iter</strong></span> 
     </span>
     <span class='ocr_line' id='line_1_18' title="bbox 361 1473 1775 1528; baseline 0.002 -16"><span class='ocrx_word' id='word_1_169' title='bbox 361 1473 527 1526; x_wconf 86' lang='lat' dir='ltr'><strong>prebens</strong></span> <span class='ocrx_word' id='word_1_170' title='bbox 553 1475 698 1527; x_wconf 91' lang='lat' dir='ltr'><strong>populo</strong></span> <span class='ocrx_word' id='word_1_171' title='bbox 722 1483 823 1514; x_wconf 88' lang='lat' dir='ltr'><strong>terre</strong></span> <span class='ocrx_word' id='word_1_172' title='bbox 847 1488 968 1526; x_wconf 91' lang='lat' dir='ltr'><strong>usque</strong></span> <span class='ocrx_word' id='word_1_173' title='bbox 992 1474 1041 1513; x_wconf 94' lang='lat' dir='ltr'><strong>ad</strong></span> <span class='ocrx_word' id='word_1_174' title='bbox 1067 1475 1311 1528; x_wconf 83' lang='lat' dir='ltr'><strong>sepulchrum</strong></span> <span class='ocrx_word' id='word_1_175' title='bbox 1338 1475 1516 1527; x_wconf 83' lang='lat' dir='ltr'><strong>martyris</strong></span> <span class='ocrx_word' id='word_1_176' title='bbox 1532 1475 1664 1528; x_wconf 88' lang='lat' dir='ltr'><strong>ibique</strong></span> <span class='ocrx_word' id='word_1_177' title='bbox 1685 1484 1775 1515; x_wconf 86' lang='lat' dir='ltr'><strong>vota</strong></span> 
     </span>
     <span class='ocr_line' id='line_1_19' title="bbox 360 1540 1775 1594; baseline 0.001 -14"><span class='ocrx_word' id='word_1_178' title='bbox 360 1540 564 1580; x_wconf 84' lang='lat' dir='ltr'><strong>reddentes</strong></span> <span class='ocrx_word' id='word_1_179' title='bbox 585 1550 624 1580; x_wconf 89' lang='lat' dir='ltr'><strong>et</strong></span> <span class='ocrx_word' id='word_1_180' title='bbox 638 1542 850 1581; x_wconf 90' lang='lat' dir='ltr'><strong>orationem</strong></span> <span class='ocrx_word' id='word_1_181' title='bbox 870 1542 1052 1581; x_wconf 87' lang='lat' dir='ltr'><strong>facientes</strong></span> <span class='ocrx_word' id='word_1_182' title='bbox 1068 1541 1355 1581; x_wconf 86' lang='lat' dir='ltr'><strong>innumerabilis</strong></span> <span class='ocrx_word' id='word_1_183' title='bbox 1374 1541 1577 1582; x_wconf 84' lang='lat' dir='ltr'><strong>multitudo</strong></span> <span class='ocrx_word' id='word_1_184' title='bbox 1593 1551 1680 1594; x_wconf 89' lang='lat' dir='ltr'><strong>post</strong></span> <span class='ocrx_word' id='word_1_185' title='bbox 1695 1541 1775 1581; x_wconf 88' lang='lat' dir='ltr'><strong>dies</strong></span> 
     </span>
     <span class='ocr_line' id='line_1_20' title="bbox 363 1607 979 1661; baseline 0.002 -16"><span class='ocrx_word' id='word_1_186' title='bbox 363 1607 503 1646; x_wconf 89' lang='lat' dir='ltr'><strong>multos</strong></span> <span class='ocrx_word' id='word_1_187' title='bbox 521 1608 791 1661; x_wconf 87' lang='lat' dir='ltr'><strong>regrediuntur</strong></span> <span class='ocrx_word' id='word_1_188' title='bbox 808 1608 858 1647; x_wconf 91' lang='lat' dir='ltr'><strong>ad</strong></span> <span class='ocrx_word' id='word_1_189' title='bbox 877 1608 979 1647; x_wconf 88' lang='lat' dir='ltr'><strong>litus.</strong></span> 
     </span>
    </p>

    <p class='ocr_par' dir='ltr' id='par_1_4' title="bbox 363 1673 1774 1790">
     <span class='ocr_line' id='line_1_21' title="bbox 415 1673 1774 1726; baseline -0.001 -14"><span class='ocrx_word' id='word_1_190' title='bbox 415 1673 537 1725; x_wconf 89' lang='lat' dir='ltr'><strong>Chap.</strong></span> <span class='ocrx_word' id='word_1_191' title='bbox 553 1687 663 1721; x_wconf 83' lang='lat' dir='ltr'><strong>xxv1,</strong></span> <span class='ocrx_word' id='word_1_192' title='bbox 692 1674 757 1725; x_wconf 86' lang='lat' dir='ltr'><strong>lig.</strong></span> <span class='ocrx_word' id='word_1_193' title='bbox 780 1675 821 1722; x_wconf 74' lang='lat'><strong>2,</strong></span> <span class='ocrx_word' id='word_1_194' title='bbox 852 1673 894 1713; x_wconf 91' lang='lat' dir='ltr'><strong>in</strong></span> <span class='ocrx_word' id='word_1_195' title='bbox 910 1674 996 1712; x_wconf 90' lang='lat' dir='ltr'><strong>loco</strong></span> <span class='ocrx_word' id='word_1_196' title='bbox 1013 1673 1211 1713; x_wconf 87' lang='lat' dir='ltr'><strong>accederet</strong></span> <span class='ocrx_word' id='word_1_197' title='bbox 1227 1682 1265 1713; x_wconf 88' lang='lat' dir='ltr'><strong>et</strong></span> <span class='ocrx_word' id='word_1_198' title='bbox 1282 1674 1517 1726; x_wconf 84' lang='lat' dir='ltr'><strong>epulantium</strong></span> <span class='ocrx_word' id='word_1_199' title='bbox 1534 1681 1687 1712; x_wconf 84' lang='lat' dir='ltr'><strong>caterva</strong></span> <span class='ocrx_word' id='word_1_200' title='bbox 1704 1686 1774 1725; x_wconf 88' lang='lat' dir='ltr'><strong>po-</strong></span> 
     </span>
     <span class='ocr_line' id='line_1_22' title="bbox 363 1738 918 1790; baseline 0 -14"><span class='ocrx_word' id='word_1_201' title='bbox 363 1738 443 1790; x_wconf 89' lang='lat' dir='ltr'><strong>puli</strong></span> <span class='ocrx_word' id='word_1_202' title='bbox 462 1747 549 1789; x_wconf 92' lang='lat' dir='ltr'><strong>post</strong></span> <span class='ocrx_word' id='word_1_203' title='bbox 567 1747 652 1777; x_wconf 89' lang='lat' dir='ltr'><strong>acta</strong></span> <span class='ocrx_word' id='word_1_204' title='bbox 673 1738 918 1777; x_wconf 82' lang='lat' dir='ltr'><strong>obdormivit.</strong></span> 
     </span>
    </p>

    <p class='ocr_par' dir='ltr' id='par_1_5' title="bbox 362 1802 1774 1919">
     <span class='ocr_line' id='line_1_23' title="bbox 416 1802 1774 1855; baseline 0 -15"><span class='ocrx_word' id='word_1_205' title='bbox 416 1802 499 1855; x_wconf 85' lang='lat' dir='ltr'><strong>Lig.</strong></span> <span class='ocrx_word' id='word_1_206' title='bbox 522 1804 545 1841; x_wconf 80' lang='lat'><strong>4</strong></span> <span class='ocrx_word' id='word_1_207' title='bbox 562 1831 573 1850; x_wconf 95' lang='lat'><strong>,</strong></span> <span class='ocrx_word' id='word_1_208' title='bbox 604 1814 694 1841; x_wconf 89' lang='lat' dir='ltr'><strong>ecce</strong></span> <span class='ocrx_word' id='word_1_209' title='bbox 712 1803 834 1840; x_wconf 88' lang='lat' dir='ltr'><strong>factus</strong></span> <span class='ocrx_word' id='word_1_210' title='bbox 857 1811 914 1841; x_wconf 89' lang='lat' dir='ltr'><strong>est</strong></span> <span class='ocrx_word' id='word_1_211' title='bbox 937 1811 1095 1855; x_wconf 85' lang='lat' dir='ltr'><strong>repente</strong></span> <span class='ocrx_word' id='word_1_212' title='bbox 1117 1816 1233 1842; x_wconf 90' lang='lat' dir='ltr'><strong>sonus</strong></span> <span class='ocrx_word' id='word_1_213' title='bbox 1255 1802 1520 1842; x_wconf 81' lang='lat' dir='ltr'><strong>inundantium</strong></span> <span class='ocrx_word' id='word_1_214' title='bbox 1537 1815 1637 1855; x_wconf 77' lang='lat' dir='ltr'><strong>aque</strong></span> <span class='ocrx_word' id='word_1_215' title='bbox 1654 1810 1692 1841; x_wconf 89' lang='lat' dir='ltr'><strong>et</strong></span> <span class='ocrx_word' id='word_1_216' title='bbox 1708 1814 1774 1840; x_wconf 90' lang='lat' dir='ltr'><strong>co-</strong></span> 
     </span>
     <span class='ocr_line' id='line_1_24' title="bbox 362 1867 1562 1919; baseline 0 -13"><span class='ocrx_word' id='word_1_217' title='bbox 362 1867 620 1919; x_wconf 89' lang='lat' dir='ltr'><strong>operiuntium</strong></span> <span class='ocrx_word' id='word_1_218' title='bbox 638 1880 757 1907; x_wconf 89' lang='lat' dir='ltr'><strong>mare.</strong></span> <span class='ocrx_word' id='word_1_219' title='bbox 778 1868 926 1907; x_wconf 89' lang='lat' dir='ltr'><strong>Dehinc</strong></span> <span class='ocrx_word' id='word_1_220' title='bbox 943 1869 1073 1907; x_wconf 86' lang='lat' dir='ltr'><strong>territa</strong></span> <span class='ocrx_word' id='word_1_221' title='bbox 1090 1869 1188 1908; x_wconf 86' lang='lat' dir='ltr'><strong>facta</strong></span> <span class='ocrx_word' id='word_1_222' title='bbox 1204 1869 1322 1907; x_wconf 85' lang='lat' dir='ltr'><strong>oblita</strong></span> <span class='ocrx_word' id='word_1_223' title='bbox 1339 1877 1397 1907; x_wconf 88' lang='lat' dir='ltr'><strong>est</strong></span> <span class='ocrx_word' id='word_1_224' title='bbox 1413 1868 1562 1907; x_wconf 88' lang='lat' dir='ltr'><strong>mulier.</strong></span> 
     </span>
    </p>

    <p class='ocr_par' dir='ltr' id='par_1_6' title="bbox 363 1932 1778 2118">
     <span class='ocr_line' id='line_1_25' title="bbox 415 1932 1776 1986; baseline 0 -15"><span class='ocrx_word' id='word_1_225' title='bbox 415 1933 499 1984; x_wconf 88' lang='lat' dir='ltr'><strong>Lig.</strong></span> <span class='ocrx_word' id='word_1_226' title='bbox 516 1934 556 1980; x_wconf 91' lang='lat'><strong>8,</strong></span> <span class='ocrx_word' id='word_1_227' title='bbox 568 1932 766 1984; x_wconf 85' lang='lat' dir='ltr'><strong>reliquisse</strong></span> <span class='ocrx_word' id='word_1_228' title='bbox 775 1942 876 1972; x_wconf 89' lang='lat' dir='ltr'><strong>terre</strong></span> <span class='ocrx_word' id='word_1_229' title='bbox 889 1942 926 1972; x_wconf 93' lang='lat' dir='ltr'><strong>et</strong></span> <span class='ocrx_word' id='word_1_230' title='bbox 935 1934 1134 1985; x_wconf 86' lang='lat' dir='ltr'><strong>pulverem</strong></span> <span class='ocrx_word' id='word_1_231' title='bbox 1143 1934 1304 1986; x_wconf 87' lang='lat' dir='ltr'><strong>aspersit</strong></span> <span class='ocrx_word' id='word_1_232' title='bbox 1314 1941 1444 1986; x_wconf 90' lang='lat' dir='ltr'><strong>caput,</strong></span> <span class='ocrx_word' id='word_1_233' title='bbox 1458 1934 1635 1973; x_wconf 84' lang='lat' dir='ltr'><strong>miseram</strong></span> <span class='ocrx_word' id='word_1_234' title='bbox 1649 1945 1690 1971; x_wconf 89' lang='lat' dir='ltr'><strong>se</strong></span> <span class='ocrx_word' id='word_1_235' title='bbox 1701 1933 1776 1972; x_wconf 87' lang='lat' dir='ltr'><strong>cla-</strong></span> 
     </span>
     <span class='ocr_line' id='line_1_26' title="bbox 363 1997 1778 2051; baseline 0.001 -16"><span class='ocrx_word' id='word_1_236' title='bbox 363 1997 517 2045; x_wconf 88' lang='lat' dir='ltr'><strong>mitans,</strong></span> <span class='ocrx_word' id='word_1_237' title='bbox 525 1997 743 2046; x_wconf 88' lang='lat' dir='ltr'><strong>hujusmodi</strong></span> <span class='ocrx_word' id='word_1_238' title='bbox 754 1997 869 2036; x_wconf 85' lang='lat' dir='ltr'><strong>dabat</strong></span> <span class='ocrx_word' id='word_1_239' title='bbox 881 2010 996 2037; x_wconf 84' lang='lat' dir='ltr'><strong>voces</strong></span> <span class='ocrx_word' id='word_1_240' title='bbox 1005 1998 1055 2037; x_wconf 91' lang='lat' dir='ltr'><strong>ad</strong></span> <span class='ocrx_word' id='word_1_241' title='bbox 1067 1999 1193 2038; x_wconf 91' lang='lat' dir='ltr'><strong>celum</strong></span> <span class='ocrx_word' id='word_1_242' title='bbox 1206 1998 1305 2038; x_wconf 84' lang='lat' dir='ltr'><strong>etita</strong></span> <span class='ocrx_word' id='word_1_243' title='bbox 1316 1998 1452 2051; x_wconf 84' lang='lat' dir='ltr'><strong>agebat</strong></span> <span class='ocrx_word' id='word_1_244' title='bbox 1462 1998 1503 2038; x_wconf 90' lang='lat' dir='ltr'><strong>in</strong></span> <span class='ocrx_word' id='word_1_245' title='bbox 1514 1998 1626 2038; x_wconf 86' lang='lat' dir='ltr'><strong>litora</strong></span> <span class='ocrx_word' id='word_1_246' title='bbox 1637 1998 1778 2037; x_wconf 84' lang='lat' dir='ltr'><strong>clamo·</strong></span> 
     </span>
     <span class='ocr_line' id='line_1_27' title="bbox 363 2063 1775 2118; baseline -0.001 -14"><span class='ocrx_word' id='word_1_247' title='bbox 363 2065 469 2104; x_wconf 89' lang='lat' dir='ltr'><strong>ribus</strong></span> <span class='ocrx_word' id='word_1_248' title='bbox 481 2073 520 2104; x_wconf 91' lang='lat' dir='ltr'><strong>et</strong></span> <span class='ocrx_word' id='word_1_249' title='bbox 528 2064 711 2113; x_wconf 86' lang='lat' dir='ltr'><strong>ejulatum</strong></span> <span class='ocrx_word' id='word_1_250' title='bbox 720 2064 1033 2117; x_wconf 85' lang='lat' dir='ltr'><strong>discurrebatque</strong></span> <span class='ocrx_word' id='word_1_251' title='bbox 1041 2078 1112 2117; x_wconf 92' lang='lat' dir='ltr'><strong>per</strong></span> <span class='ocrx_word' id='word_1_252' title='bbox 1120 2066 1281 2105; x_wconf 91' lang='lat' dir='ltr'><strong>circuitu</strong></span> <span class='ocrx_word' id='word_1_253' title='bbox 1289 2066 1459 2118; x_wconf 89' lang='lat' dir='ltr'><strong>riparum</strong></span> <span class='ocrx_word' id='word_1_254' title='bbox 1467 2074 1582 2117; x_wconf 88' lang='lat' dir='ltr'><strong>atque</strong></span> <span class='ocrx_word' id='word_1_255' title='bbox 1591 2063 1775 2117; x_wconf 87' lang='lat' dir='ltr'><strong>replebat.</strong></span> 
     </span>
    </p>

    <p class='ocr_par' dir='ltr' id='par_1_7' title="bbox 362 2129 1780 2644">
     <span class='ocr_line' id='line_1_28' title="bbox 416 2129 1777 2183; baseline -0.001 -14"><span class='ocrx_word' id='word_1_256' title='bbox 416 2130 502 2182; x_wconf 85' lang='lat' dir='ltr'><strong>Lig.</strong></span> <span class='ocrx_word' id='word_1_257' title='bbox 523 2132 591 2178; x_wconf 74' lang='lat'><strong>14,</strong></span> <span class='ocrx_word' id='word_1_258' title='bbox 611 2143 658 2169; x_wconf 89' lang='lat' dir='ltr'><strong>ac</strong></span> <span class='ocrx_word' id='word_1_259' title='bbox 673 2130 714 2169; x_wconf 90' lang='lat' dir='ltr'><strong>in</strong></span> <span class='ocrx_word' id='word_1_260' title='bbox 731 2130 1066 2170; x_wconf 86' lang='lat' dir='ltr'><strong>lamentationibus</strong></span> <span class='ocrx_word' id='word_1_261' title='bbox 1085 2140 1123 2170; x_wconf 90' lang='lat' dir='ltr'><strong>et</strong></span> <span class='ocrx_word' id='word_1_262' title='bbox 1140 2132 1279 2180; x_wconf 81' lang='lat' dir='ltr'><strong>ejulata</strong></span> <span class='ocrx_word' id='word_1_263' title='bbox 1296 2131 1455 2179; x_wconf 88' lang='lat' dir='ltr'><strong>ducens,</strong></span> <span class='ocrx_word' id='word_1_264' title='bbox 1474 2131 1626 2183; x_wconf 88' lang='lat' dir='ltr'><strong>penitus</strong></span> <span class='ocrx_word' id='word_1_265' title='bbox 1641 2129 1777 2168; x_wconf 88' lang='lat' dir='ltr'><strong>nichil-</strong></span> 
     </span>
     <span class='ocr_line' id='line_1_29' title="bbox 362 2196 1776 2246; baseline 0.001 -12"><span class='ocrx_word' id='word_1_266' title='bbox 362 2196 541 2235; x_wconf 90' lang='lat' dir='ltr'><strong>hominus</strong></span> <span class='ocrx_word' id='word_1_267' title='bbox 560 2210 601 2235; x_wconf 90' lang='lat' dir='ltr'><strong>se</strong></span> <span class='ocrx_word' id='word_1_268' title='bbox 618 2197 851 2237; x_wconf 84' lang='lat' dir='ltr'><strong>continebat.</strong></span> <span class='ocrx_word' id='word_1_269' title='bbox 870 2200 1105 2236; x_wconf 88' lang='lat' dir='ltr'><strong>Recurrente</strong></span> <span class='ocrx_word' id='word_1_270' title='bbox 1119 2206 1262 2246; x_wconf 88' lang='lat' dir='ltr'><strong>autem,</strong></span> <span class='ocrx_word' id='word_1_271' title='bbox 1283 2198 1417 2236; x_wconf 87' lang='lat' dir='ltr'><strong>fratres</strong></span> <span class='ocrx_word' id='word_1_272' title='bbox 1436 2196 1511 2236; x_wconf 90' lang='lat' dir='ltr'><strong>mei</strong></span> <span class='ocrx_word' id='word_1_273' title='bbox 1529 2196 1776 2246; x_wconf 89' lang='lat' dir='ltr'><strong>dilectissimi,</strong></span> 
     </span>
     <span class='ocr_line' id='line_1_30' title="bbox 364 2261 1778 2315; baseline -0.001 -14"><span class='ocrx_word' id='word_1_274' title='bbox 364 2262 651 2315; x_wconf 82' lang='lat' dir='ltr'><strong>sollempnitatis</strong></span> <span class='ocrx_word' id='word_1_275' title='bbox 681 2262 782 2302; x_wconf 91' lang='lat' dir='ltr'><strong>diem</strong></span> <span class='ocrx_word' id='word_1_276' title='bbox 806 2262 908 2301; x_wconf 88' lang='lat' dir='ltr'><strong>beati</strong></span> <span class='ocrx_word' id='word_1_277' title='bbox 936 2262 1119 2302; x_wconf 90' lang='lat' dir='ltr'><strong>Clementi</strong></span> <span class='ocrx_word' id='word_1_278' title='bbox 1136 2262 1332 2314; x_wconf 78' lang='lat' dir='ltr'><strong>martyris,</strong></span> <span class='ocrx_word' id='word_1_279' title='bbox 1364 2263 1469 2301; x_wconf 88' lang='lat' dir='ltr'><strong>venit</strong></span> <span class='ocrx_word' id='word_1_280' title='bbox 1486 2262 1623 2301; x_wconf 89' lang='lat' dir='ltr'><strong>iterum</strong></span> <span class='ocrx_word' id='word_1_281' title='bbox 1642 2261 1778 2300; x_wconf 87' lang='lat' dir='ltr'><strong>mulier</strong></span> 
     </span>
     <span class='ocr_line' id='line_1_31' title="bbox 364 2322 1779 2381; baseline 0 -14"><span class='ocrx_word' id='word_1_282' title='bbox 364 2328 414 2367; x_wconf 91' lang='lat' dir='ltr'><strong>ad</strong></span> <span class='ocrx_word' id='word_1_283' title='bbox 439 2329 722 2381; x_wconf 84' lang='lat' dir='ltr'><strong>expectandum</strong></span> <span class='ocrx_word' id='word_1_284' title='bbox 746 2329 861 2368; x_wconf 87' lang='lat' dir='ltr'><strong>maris</strong></span> <span class='ocrx_word' id='word_1_285' title='bbox 886 2343 1063 2369; x_wconf 89' lang='lat' dir='ltr'><strong>successu</strong></span> <span class='ocrx_word' id='word_1_286' title='bbox 1098 2329 1130 2368; x_wconf 91' lang='lat' dir='ltr'><strong>si</strong></span> <span class='ocrx_word' id='word_1_287' title='bbox 1165 2329 1332 2368; x_wconf 88' lang='lat' dir='ltr'><strong>fortassis</strong></span> <span class='ocrx_word' id='word_1_288' title='bbox 1365 2330 1412 2368; x_wconf 88' lang='lat' dir='ltr'><strong>de</strong></span> <span class='ocrx_word' id='word_1_289' title='bbox 1441 2329 1630 2368; x_wconf 87' lang='lat' dir='ltr'><strong>infantulo</strong></span> <span class='ocrx_word' id='word_1_290' title='bbox 1650 2322 1779 2381; x_wconf 81' lang='lat' dir='ltr'><strong>aliqua</strong></span> 
     </span>
     <span class='ocr_line' id='line_1_32' title="bbox 364 2394 1780 2448; baseline 0.001 -15"><span class='ocrx_word' id='word_1_291' title='bbox 364 2394 484 2446; x_wconf 88' lang='lat' dir='ltr'><strong>possit</strong></span> <span class='ocrx_word' id='word_1_292' title='bbox 499 2395 674 2435; x_wconf 82' lang='lat' dir='ltr'><strong>invenire</strong></span> <span class='ocrx_word' id='word_1_293' title='bbox 692 2395 843 2436; x_wconf 92' lang='lat' dir='ltr'><strong>indicia.</strong></span> <span class='ocrx_word' id='word_1_294' title='bbox 879 2394 980 2445; x_wconf 85' lang='lat' dir='ltr'><strong>Quid</strong></span> <span class='ocrx_word' id='word_1_295' title='bbox 998 2396 1117 2435; x_wconf 91' lang='lat' dir='ltr'><strong>multa</strong></span> <span class='ocrx_word' id='word_1_296' title='bbox 1135 2396 1284 2435; x_wconf 85' lang='lat' dir='ltr'><strong>dicam?</strong></span> <span class='ocrx_word' id='word_1_297' title='bbox 1312 2394 1528 2434; x_wconf 88' lang='lat' dir='ltr'><strong>Recedente</strong></span> <span class='ocrx_word' id='word_1_298' title='bbox 1546 2408 1666 2443; x_wconf 89' lang='lat' dir='ltr'><strong>mare,</strong></span> <span class='ocrx_word' id='word_1_299' title='bbox 1696 2395 1780 2448; x_wconf 85' lang='lat' dir='ltr'><strong>ipsa</strong></span> 
     </span>
     <span class='ocr_line' id='line_1_33' title="bbox 366 2460 1778 2513; baseline -0.001 -14"><span class='ocrx_word' id='word_1_300' title='bbox 366 2460 536 2512; x_wconf 87' lang='lat' dir='ltr'><strong>precedit</strong></span> <span class='ocrx_word' id='word_1_301' title='bbox 555 2462 605 2500; x_wconf 88' lang='lat' dir='ltr'><strong>ad</strong></span> <span class='ocrx_word' id='word_1_302' title='bbox 623 2462 812 2501; x_wconf 89' lang='lat' dir='ltr'><strong>tumulum</strong></span> <span class='ocrx_word' id='word_1_303' title='bbox 830 2461 966 2513; x_wconf 90' lang='lat' dir='ltr'><strong>prima.</strong></span> <span class='ocrx_word' id='word_1_304' title='bbox 999 2464 1171 2513; x_wconf 89' lang='lat' dir='ltr'><strong>Cumque</strong></span> <span class='ocrx_word' id='word_1_305' title='bbox 1186 2474 1226 2500; x_wconf 91' lang='lat' dir='ltr'><strong>se</strong></span> <span class='ocrx_word' id='word_1_306' title='bbox 1241 2469 1430 2512; x_wconf 89' lang='lat' dir='ltr'><strong>prostrata</strong></span> <span class='ocrx_word' id='word_1_307' title='bbox 1444 2469 1487 2499; x_wconf 92' lang='lat' dir='ltr'><strong>ut</strong></span> <span class='ocrx_word' id='word_1_308' title='bbox 1502 2460 1612 2499; x_wconf 90' lang='lat' dir='ltr'><strong>solito</strong></span> <span class='ocrx_word' id='word_1_309' title='bbox 1633 2460 1673 2498; x_wconf 93' lang='lat' dir='ltr'><strong>in</strong></span> <span class='ocrx_word' id='word_1_310' title='bbox 1693 2472 1778 2498; x_wconf 85' lang='lat' dir='ltr'><strong>ora-</strong></span> 
     </span>
     <span class='ocr_line' id='line_1_34' title="bbox 366 2525 1779 2580; baseline 0.001 -17"><span class='ocrx_word' id='word_1_311' title='bbox 366 2525 508 2564; x_wconf 89' lang='lat' dir='ltr'><strong>tionem</strong></span> <span class='ocrx_word' id='word_1_312' title='bbox 533 2527 696 2566; x_wconf 90' lang='lat' dir='ltr'><strong>misisset</strong></span> <span class='ocrx_word' id='word_1_313' title='bbox 725 2527 766 2566; x_wconf 91' lang='lat' dir='ltr'><strong>in</strong></span> <span class='ocrx_word' id='word_1_314' title='bbox 790 2528 1012 2580; x_wconf 83' lang='lat' dir='ltr'><strong>pavimento</strong></span> <span class='ocrx_word' id='word_1_315' title='bbox 1041 2535 1079 2566; x_wconf 85' lang='lat' dir='ltr'><strong>et</strong></span> <span class='ocrx_word' id='word_1_316' title='bbox 1098 2526 1285 2578; x_wconf 83' lang='lat' dir='ltr'><strong>mugitum</strong></span> <span class='ocrx_word' id='word_1_317' title='bbox 1314 2526 1406 2564; x_wconf 92' lang='lat' dir='ltr'><strong>himi</strong></span> <span class='ocrx_word' id='word_1_318' title='bbox 1431 2525 1557 2564; x_wconf 91' lang='lat' dir='ltr'><strong>cordis</strong></span> <span class='ocrx_word' id='word_1_319' title='bbox 1574 2525 1704 2573; x_wconf 85' lang='lat' dir='ltr'><strong>daret,</strong></span> <span class='ocrx_word' id='word_1_320' title='bbox 1725 2525 1779 2564; x_wconf 83' lang='lat' dir='ltr'><strong>ita</strong></span> 
     </span>
     <span class='ocr_line' id='line_1_35' title="bbox 365 2589 1777 2644; baseline -0.001 -16"><span class='ocrx_word' id='word_1_321' title='bbox 365 2589 515 2629; x_wconf 89' lang='lat' dir='ltr'><strong>dicebat</strong></span> <span class='ocrx_word' id='word_1_322' title='bbox 530 2607 538 2630; x_wconf 71' lang='grc' dir='ltr'><strong>ε</strong></span> <span class='ocrx_word' id='word_1_323' title='bbox 565 2606 584 2629; x_wconf 78' lang='grc' dir='ltr'><em>α</em></span> <span class='ocrx_word' id='word_1_324' title='bbox 597 2592 698 2640; x_wconf 88' lang='lat' dir='ltr'><strong>Scio,</strong></span> <span class='ocrx_word' id='word_1_325' title='bbox 716 2592 896 2640; x_wconf 88' lang='lat' dir='ltr'><strong>Domine,</strong></span> <span class='ocrx_word' id='word_1_326' title='bbox 918 2593 995 2630; x_wconf 86' lang='lat' dir='ltr'><strong>scio</strong></span> <span class='ocrx_word' id='word_1_327' title='bbox 1014 2591 1103 2644; x_wconf 85' lang='lat' dir='ltr'><strong>quia</strong></span> <span class='ocrx_word' id='word_1_328' title='bbox 1124 2591 1206 2629; x_wconf 91' lang='lat' dir='ltr'><strong>sine</strong></span> <span class='ocrx_word' id='word_1_329' title='bbox 1224 2599 1289 2629; x_wconf 92' lang='lat' dir='ltr'><strong>tuo</strong></span> <span class='ocrx_word' id='word_1_330' title='bbox 1308 2599 1404 2630; x_wconf 87' lang='lat' dir='ltr'><strong>nutu</strong></span> <span class='ocrx_word' id='word_1_331' title='bbox 1421 2590 1562 2630; x_wconf 90' lang='lat' dir='ltr'><strong>nullius</strong></span> <span class='ocrx_word' id='word_1_332' title='bbox 1580 2589 1777 2628; x_wconf 89' lang='lat' dir='ltr'><strong>hominum</strong></span> 
     </span>
    </p>
   </div>
   <div class='ocr_carea' id='block_1_3' title="bbox 364 2727 1815 2908">
    <p class='ocr_par' dir='ltr' id='par_1_8' title="bbox 364 2727 1815 2908">
     <span class='ocr_line' id='line_1_36' title="bbox 417 2727 1110 2796; baseline 0.004 -12"><span class='ocrx_word' id='word_1_333' title='bbox 417 2751 469 2796; x_wconf 70' lang='grc' dir='ltr'><strong>(ι)</strong></span> <span class='ocrx_word' id='word_1_334' title='bbox 486 2750 583 2785; x_wconf 78' lang='lat' dir='ltr'><strong>Saint</strong></span> <span class='ocrx_word' id='word_1_335' title='bbox 599 2751 686 2786; x_wconf 77' lang='lat' dir='ltr'><strong>Paul</strong></span> <span class='ocrx_word' id='word_1_336' title='bbox 700 2763 768 2786; x_wconf 76' lang='lat' dir='ltr'><strong>aux</strong></span> <span class='ocrx_word' id='word_1_337' title='bbox 784 2752 948 2787; x_wconf 75' lang='lat' dir='ltr'><strong>Corinth.</strong></span> <span class='ocrx_word' id='word_1_338' title='bbox 967 2764 1003 2794; x_wconf 71' lang='grc' dir='ltr'><strong>ι,</strong></span> <span class='ocrx_word' id='word_1_339' title='bbox 1024 2753 1056 2793; x_wconf 78' lang='grc' dir='ltr'><strong>ι,</strong></span> <span class='ocrx_word' id='word_1_340' title='bbox 1075 2727 1110 2787; x_wconf 57' lang='grc' dir='ltr'><strong>Ξ,</strong></span> 
     </span>
     <span class='ocr_line' id='line_1_37' title="bbox 415 2804 1815 2854; baseline -0.002 -13"><span class='ocrx_word' id='word_1_341' title='bbox 415 2805 466 2854; x_wconf 75' lang='lat'><strong>(2)</strong></span> <span class='ocrx_word' id='word_1_342' title='bbox 485 2807 533 2842; x_wconf 89' lang='lat' dir='ltr'><strong>Le</strong></span> <span class='ocrx_word' id='word_1_343' title='bbox 545 2806 737 2841; x_wconf 87' lang='lat' dir='ltr'><strong>manuscrit</strong></span> <span class='ocrx_word' id='word_1_344' title='bbox 749 2816 851 2854; x_wconf 90' lang='lat' dir='ltr'><strong>porte</strong></span> <span class='ocrx_word' id='word_1_345' title='bbox 864 2808 907 2841; x_wconf 88' lang='lat' dir='ltr'><strong>do</strong></span> <span class='ocrx_word' id='word_1_346' title='bbox 920 2819 1004 2842; x_wconf 85' lang='lat' dir='ltr'><strong>avec</strong></span> <span class='ocrx_word' id='word_1_347' title='bbox 1019 2819 1090 2841; x_wconf 89' lang='lat' dir='ltr'><strong>une</strong></span> <span class='ocrx_word' id='word_1_348' title='bbox 1105 2807 1321 2842; x_wconf 65' lang='lat' dir='ltr'><strong>abreviation</strong></span> <span class='ocrx_word' id='word_1_349' title='bbox 1335 2821 1343 2850; x_wconf 84' lang='lat'><em>;</em></span> <span class='ocrx_word' id='word_1_350' title='bbox 1362 2805 1447 2841; x_wconf 75' lang='lat' dir='ltr'><strong>mais</strong></span> <span class='ocrx_word' id='word_1_351' title='bbox 1458 2806 1482 2839; x_wconf 86' lang='lat' dir='ltr'><strong>il</strong></span> <span class='ocrx_word' id='word_1_352' title='bbox 1496 2806 1568 2840; x_wconf 82' lang='lat' dir='ltr'><strong>faut</strong></span> <span class='ocrx_word' id='word_1_353' title='bbox 1580 2817 1658 2840; x_wconf 70' lang='lat' dir='ltr'><strong>sans</strong></span> <span class='ocrx_word' id='word_1_354' title='bbox 1671 2804 1780 2839; x_wconf 81' lang='lat' dir='ltr'><strong>doute</strong></span> <span class='ocrx_word' id='word_1_355' title='bbox 1813 2813 1815 2815; x_wconf 83' lang='grc'><strong>’</strong></span> 
     </span>
     <span class='ocr_line' id='line_1_38' title="bbox 364 2863 1059 2908; baseline -0.003 -10"><span class='ocrx_word' id='word_1_356' title='bbox 364 2863 430 2898; x_wconf 86' lang='lat' dir='ltr'><strong>lire</strong></span> <span class='ocrx_word' id='word_1_357' title='bbox 449 2863 627 2898; x_wconf 79' lang='lat' dir='ltr'><strong>dulcissimi</strong></span> <span class='ocrx_word' id='word_1_358' title='bbox 642 2876 691 2898; x_wconf 87' lang='lat' dir='ltr'><strong>ou</strong></span> <span class='ocrx_word' id='word_1_359' title='bbox 707 2863 906 2898; x_wconf 72' lang='lat' dir='ltr'><strong>dilectissimi</strong></span> <span class='ocrx_word' id='word_1_360' title='bbox 917 2865 1059 2908; x_wconf 79' lang='lat' dir='ltr'><strong>fratres,</strong></span> 
     </span>
    </p>
   </div>
  </div>
 </body>
</html>
