<?xml version="1.0" encoding="UTF-8"?>
<!DOCTYPE html PUBLIC "-//W3C//DTD XHTML 1.0 Transitional//EN"
    "http://www.w3.org/TR/xhtml1/DTD/xhtml1-transitional.dtd">
<html xmlns="http://www.w3.org/1999/xhtml" xml:lang="en" lang="en">
 <head>
  <title>
</title>
<meta http-equiv="Content-Type" content="text/html;charset=utf-8" />
  <meta name='ocr-system' content='tesseract 3.04.00' />
  <meta name='ocr-capabilities' content='ocr_page ocr_carea ocr_par ocr_line ocrx_word'/>
</head>
<body>
  <div class='ocr_page' id='page_1' title='image "./leslivresdesmira01greguoft_0380.png"; bbox 0 0 2002 3418; ppageno 0'>
   <div class='ocr_carea' id='block_1_1' title="bbox 399 391 1492 453">
    <p class='ocr_par' dir='ltr' id='par_1_1' title="bbox 399 391 1492 453">
     <span class='ocr_line' id='line_1_1' title="bbox 399 391 1492 453; baseline -0.001 -1"><span class='ocrx_word' id='word_1_1' title='bbox 399 391 473 453; x_wconf 71' lang='lat'><strong>321.</strong></span> <span class='ocrx_word' id='word_1_2' title='bbox 699 416 764 451; x_wconf 86' lang='lat' dir='ltr'><strong>DE</strong></span> <span class='ocrx_word' id='word_1_3' title='bbox 791 414 1057 452; x_wconf 77' lang='lat' dir='ltr'>MIRACULIS</span> <span class='ocrx_word' id='word_1_4' title='bbox 1086 413 1256 451; x_wconf 86' lang='lat' dir='ltr'>SANCTI</span> <span class='ocrx_word' id='word_1_5' title='bbox 1284 413 1492 451; x_wconf 77' lang='lat' dir='ltr'><strong>JULIANI.</strong></span> 
     </span>
    </p>
   </div>
   <div class='ocr_carea' id='block_1_2' title="bbox 964 516 1212 562">
    <p class='ocr_par' dir='ltr' id='par_1_2' title="bbox 964 516 1212 562">
     <span class='ocr_line' id='line_1_2' title="bbox 964 516 1212 562; baseline 0 0"><span class='ocrx_word' id='word_1_6' title='bbox 964 516 967 518; x_wconf 83' lang='grc'>’</span> <span class='ocrx_word' id='word_1_7' title='bbox 987 527 1141 562; x_wconf 81' lang='lat' dir='ltr'><strong>CAPUT</strong></span> <span class='ocrx_word' id='word_1_8' title='bbox 1165 527 1212 562; x_wconf 78' lang='grc' dir='ltr'><strong>Χ.</strong></span> 
     </span>
    </p>
   </div>
   <div class='ocr_carea' id='block_1_3' title="bbox 507 601 1707 652">
    <p class='ocr_par' dir='ltr' id='par_1_3' title="bbox 507 601 1707 652">
     <span class='ocr_line' id='line_1_3' title="bbox 507 601 1707 652; baseline -0.001 -12"><span class='ocrx_word' id='word_1_9' title='bbox 507 605 559 640; x_wconf 86' lang='lat' dir='ltr'><strong>De</strong></span> <span class='ocrx_word' id='word_1_10' title='bbox 575 617 618 639; x_wconf 85' lang='lat' dir='ltr'><strong>eo</strong></span> <span class='ocrx_word' id='word_1_11' title='bbox 634 603 696 652; x_wconf 86' lang='lat' dir='ltr'><strong>qui</strong></span> <span class='ocrx_word' id='word_1_12' title='bbox 710 615 947 652; x_wconf 79' lang='lat' dir='ltr'><strong>percussorem</strong></span> <span class='ocrx_word' id='word_1_13' title='bbox 967 615 1069 637; x_wconf 85' lang='lat' dir='ltr'><strong>suum</strong></span> <span class='ocrx_word' id='word_1_14' title='bbox 1086 601 1130 637; x_wconf 90' lang='lat' dir='ltr'><strong>de</strong></span> <span class='ocrx_word' id='word_1_15' title='bbox 1147 601 1290 637; x_wconf 85' lang='lat' dir='ltr'><strong>basilica</strong></span> <span class='ocrx_word' id='word_1_16' title='bbox 1305 602 1500 637; x_wconf 81' lang='lat' dir='ltr'><strong>conabatur</strong></span> <span class='ocrx_word' id='word_1_17' title='bbox 1515 610 1584 637; x_wconf 80' lang='lat' dir='ltr'><strong>exn</strong></span> <span class='ocrx_word' id='word_1_18' title='bbox 1591 601 1707 639; x_wconf 82' lang='lat' dir='ltr'><strong>ahere.</strong></span> 
     </span>
    </p>
   </div>
   <div class='ocr_carea' id='block_1_4' title="bbox 393 679 1807 975">
    <p class='ocr_par' dir='ltr' id='par_1_4' title="bbox 393 679 1807 975">
     <span class='ocr_line' id='line_1_4' title="bbox 465 679 1802 743; baseline -0.001 -16"><span class='ocrx_word' id='word_1_19' title='bbox 465 680 690 739; x_wconf 87' lang='lat' dir='ltr'><strong>Quidam,</strong></span> <span class='ocrx_word' id='word_1_20' title='bbox 716 679 832 727; x_wconf 92' lang='lat' dir='ltr'><strong>dum</strong></span> <span class='ocrx_word' id='word_1_21' title='bbox 859 680 908 727; x_wconf 90' lang='lat' dir='ltr'><strong>in</strong></span> <span class='ocrx_word' id='word_1_22' title='bbox 933 679 1161 726; x_wconf 87' lang='lat' dir='ltr'><strong>seditione</strong></span> <span class='ocrx_word' id='word_1_23' title='bbox 1181 695 1324 743; x_wconf 91' lang='lat' dir='ltr'><strong>quam</strong></span> <span class='ocrx_word' id='word_1_24' title='bbox 1343 688 1666 726; x_wconf 85' lang='lat' dir='ltr'>commoverat</span> <span class='ocrx_word' id='word_1_25' title='bbox 1687 694 1802 725; x_wconf 90' lang='lat' dir='ltr'><strong>ocu—</strong></span> 
     </span>
     <span class='ocr_line' id='line_1_5' title="bbox 394 751 1804 818; baseline -0.001 -16"><span class='ocrx_word' id='word_1_26' title='bbox 394 755 496 802; x_wconf 88' lang='lat' dir='ltr'><strong>lum</strong></span> <span class='ocrx_word' id='word_1_27' title='bbox 521 755 769 816; x_wconf 87' lang='lat' dir='ltr'><strong>amisisset,</strong></span> <span class='ocrx_word' id='word_1_28' title='bbox 794 754 1041 801; x_wconf 90' lang='lat' dir='ltr'><strong>hominem</strong></span> <span class='ocrx_word' id='word_1_29' title='bbox 1074 754 1156 818; x_wconf 92' lang='lat' dir='ltr'><strong>qui</strong></span> <span class='ocrx_word' id='word_1_30' title='bbox 1176 754 1322 801; x_wconf 91' lang='lat' dir='ltr'><strong>ictum</strong></span> <span class='ocrx_word' id='word_1_31' title='bbox 1347 753 1570 801; x_wconf 86' lang='lat' dir='ltr'><strong>intulerat</strong></span> <span class='ocrx_word' id='word_1_32' title='bbox 1593 752 1652 800; x_wconf 92' lang='lat' dir='ltr'><strong>de</strong></span> <span class='ocrx_word' id='word_1_33' title='bbox 1681 751 1804 801; x_wconf 86' lang='lat' dir='ltr'><strong>basi-</strong></span> 
     </span>
     <span class='ocr_line' id='line_1_6' title="bbox 393 831 1804 896; baseline -0.001 -17"><span class='ocrx_word' id='word_1_34' title='bbox 393 833 484 880; x_wconf 91' lang='lat' dir='ltr'><strong>lica</strong></span> <span class='ocrx_word' id='word_1_35' title='bbox 517 832 781 880; x_wconf 84' lang='lat' dir='ltr'><strong>conabatur</strong></span> <span class='ocrx_word' id='word_1_36' title='bbox 802 833 1042 880; x_wconf 86' lang='lat' dir='ltr'><strong>extrahere</strong></span> <span class='ocrx_word' id='word_1_37' title='bbox 1064 850 1074 879; x_wconf 78' lang='grc' dir='ltr'><strong><em>ε</em></strong></span> <span class='ocrx_word' id='word_1_38' title='bbox 1103 832 1234 896; x_wconf 92' lang='lat' dir='ltr'><strong>quod</strong></span> <span class='ocrx_word' id='word_1_39' title='bbox 1254 832 1371 879; x_wconf 91' lang='lat' dir='ltr'><strong>dum</strong></span> <span class='ocrx_word' id='word_1_40' title='bbox 1393 832 1513 895; x_wconf 89' lang='lat' dir='ltr'><strong>agit,</strong></span> <span class='ocrx_word' id='word_1_41' title='bbox 1536 847 1636 879; x_wconf 92' lang='lat' dir='ltr'><strong>non</strong></span> <span class='ocrx_word' id='word_1_42' title='bbox 1648 831 1804 885; x_wconf 80' lang='lat' dir='ltr'><strong>modo</strong></span> 
     </span>
     <span class='ocr_line' id='line_1_7' title="bbox 396 908 1807 975; baseline -0.001 -18"><span class='ocrx_word' id='word_1_43' title='bbox 396 910 553 958; x_wconf 90' lang='lat' dir='ltr'><strong>amissi</strong></span> <span class='ocrx_word' id='word_1_44' title='bbox 595 910 721 956; x_wconf 89' lang='lat' dir='ltr'><strong>oculi</strong></span> <span class='ocrx_word' id='word_1_45' title='bbox 762 926 861 956; x_wconf 94' lang='lat' dir='ltr'><strong>non</strong></span> <span class='ocrx_word' id='word_1_46' title='bbox 898 910 1063 975; x_wconf 89' lang='lat' dir='ltr'><strong>recipit</strong></span> <span class='ocrx_word' id='word_1_47' title='bbox 1098 911 1258 957; x_wconf 91' lang='lat' dir='ltr'><strong>lumen</strong></span> <span class='ocrx_word' id='word_1_48' title='bbox 1278 947 1290 971; x_wconf 94' lang='lat'><strong>,</strong></span> <span class='ocrx_word' id='word_1_49' title='bbox 1326 909 1635 957; x_wconf 83' lang='lat' dir='ltr'><strong>verumetiam</strong></span> <span class='ocrx_word' id='word_1_50' title='bbox 1667 908 1807 956; x_wconf 85' lang='lat' dir='ltr'><strong>sentit</strong></span> 
     </span>
    </p>
   </div>
   <div class='ocr_carea' id='block_1_5' title="bbox 393 987 1808 1126">
    <p class='ocr_par' dir='ltr' id='par_1_5' title="bbox 393 987 1808 1126">
     <span class='ocr_line' id='line_1_8' title="bbox 396 987 1807 1050; baseline -0.001 -16"><span class='ocrx_word' id='word_1_51' title='bbox 396 988 541 1034; x_wconf 88' lang='lat' dir='ltr'><strong>alium</strong></span> <span class='ocrx_word' id='word_1_52' title='bbox 556 1024 568 1048; x_wconf 88' lang='lat'><strong>,</strong></span> <span class='ocrx_word' id='word_1_53' title='bbox 603 1003 747 1050; x_wconf 91' lang='lat' dir='ltr'><strong>quem</strong></span> <span class='ocrx_word' id='word_1_54' title='bbox 779 1002 949 1032; x_wconf 90' lang='lat' dir='ltr'><strong>sanum</strong></span> <span class='ocrx_word' id='word_1_55' title='bbox 968 987 1223 1049; x_wconf 78' lang='lat' dir='ltr'><strong>habuerat,</strong></span> <span class='ocrx_word' id='word_1_56' title='bbox 1249 987 1493 1035; x_wconf 77' lang='lat' dir='ltr'><strong>obcaecari.</strong></span> <span class='ocrx_word' id='word_1_57' title='bbox 1522 990 1670 1034; x_wconf 90' lang='lat' dir='ltr'><strong>Porro</strong></span> <span class='ocrx_word' id='word_1_58' title='bbox 1695 1002 1807 1033; x_wconf 91' lang='lat' dir='ltr'><strong>cum</strong></span> 
     </span>
     <span class='ocr_line' id='line_1_9' title="bbox 393 1059 1808 1126; baseline -0.001 -18"><span class='ocrx_word' id='word_1_59' title='bbox 393 1071 587 1126; x_wconf 87' lang='lat' dir='ltr'><strong>peccata</strong></span> <span class='ocrx_word' id='word_1_60' title='bbox 607 1076 692 1108; x_wconf 93' lang='lat' dir='ltr'><strong>sua</strong></span> <span class='ocrx_word' id='word_1_61' title='bbox 710 1059 1031 1120; x_wconf 84' lang='lat' dir='ltr'><strong>confiteretur,</strong></span> <span class='ocrx_word' id='word_1_62' title='bbox 1053 1060 1216 1108; x_wconf 90' lang='lat' dir='ltr'><strong>dicens</strong></span> <span class='ocrx_word' id='word_1_63' title='bbox 1235 1080 1245 1107; x_wconf 85' lang='lat' dir='ltr'>z</span> <span class='ocrx_word' id='word_1_64' title='bbox 1280 1060 1490 1108; x_wconf 80' lang='lat' dir='ltr'><strong>«Merito</strong></span> <span class='ocrx_word' id='word_1_65' title='bbox 1508 1061 1627 1108; x_wconf 89' lang='lat' dir='ltr'><strong>mihi</strong></span> <span class='ocrx_word' id='word_1_66' title='bbox 1650 1060 1808 1108; x_wconf 87' lang='lat' dir='ltr'><strong>evenit</strong></span> 
     </span>
    </p>
   </div>
   <div class='ocr_carea' id='block_1_6' title="bbox 389 1131 1810 1592">
    <p class='ocr_par' dir='ltr' id='par_1_6' title="bbox 389 1131 1810 1592">
     <span class='ocr_line' id='line_1_10' title="bbox 389 1131 1809 1202; baseline 0.001 -18"><span class='ocrx_word' id='word_1_67' title='bbox 389 1137 623 1201; x_wconf 89' lang='lat' dir='ltr'><strong>judicium</strong></span> <span class='ocrx_word' id='word_1_68' title='bbox 644 1131 759 1184; x_wconf 79' lang='lat' dir='ltr'><strong>¹sine</strong></span> <span class='ocrx_word' id='word_1_69' title='bbox 789 1131 1132 1199; x_wconf 81' lang='lat' dir='ltr'><strong>misericordia,</strong></span> <span class='ocrx_word' id='word_1_70' title='bbox 1167 1138 1250 1202; x_wconf 91' lang='lat' dir='ltr'><strong>qui</strong></span> <span class='ocrx_word' id='word_1_71' title='bbox 1285 1154 1383 1184; x_wconf 92' lang='lat' dir='ltr'><strong>non</strong></span> <span class='ocrx_word' id='word_1_72' title='bbox 1420 1138 1509 1185; x_wconf 87' lang='lat' dir='ltr'><strong>feci</strong></span> <span class='ocrx_word' id='word_1_73' title='bbox 1546 1138 1809 1198; x_wconf 84' lang='lat' dir='ltr'><strong>misericor-</strong></span> 
     </span>
     <span class='ocr_line' id='line_1_11' title="bbox 394 1214 1806 1281; baseline 0.001 -21"><span class='ocrx_word' id='word_1_74' title='bbox 394 1214 541 1275; x_wconf 85' lang='lat' dir='ltr'>diam,</span> <span class='ocrx_word' id='word_1_75' title='bbox 563 1233 586 1259; x_wconf 87' lang='lat'>»</span> <span class='ocrx_word' id='word_1_76' title='bbox 601 1224 862 1280; x_wconf 90' lang='lat' dir='ltr'><strong>prostratus</strong></span> <span class='ocrx_word' id='word_1_77' title='bbox 872 1231 1035 1263; x_wconf 89' lang='lat' dir='ltr'><strong>coram</strong></span> <span class='ocrx_word' id='word_1_78' title='bbox 1055 1224 1220 1262; x_wconf 88' lang='lat' dir='ltr'><strong>sancto</strong></span> <span class='ocrx_word' id='word_1_79' title='bbox 1242 1215 1477 1280; x_wconf 89' lang='lat' dir='ltr'><strong>sepulcro,</strong></span> <span class='ocrx_word' id='word_1_80' title='bbox 1497 1232 1608 1263; x_wconf 90' lang='lat' dir='ltr'><strong>cum</strong></span> <span class='ocrx_word' id='word_1_81' title='bbox 1627 1215 1806 1281; x_wconf 90' lang='lat' dir='ltr'><strong>populo</strong></span> 
     </span>
     <span class='ocr_line' id='line_1_12' title="bbox 395 1291 1804 1356; baseline 0.001 -17"><span class='ocrx_word' id='word_1_82' title='bbox 395 1293 477 1356; x_wconf 91' lang='lat' dir='ltr'><strong>qui</strong></span> <span class='ocrx_word' id='word_1_83' title='bbox 494 1302 607 1339; x_wconf 91' lang='lat' dir='ltr'><strong>tunc</strong></span> <span class='ocrx_word' id='word_1_84' title='bbox 627 1291 689 1340; x_wconf 92' lang='lat' dir='ltr'><strong>ad</strong></span> <span class='ocrx_word' id='word_1_85' title='bbox 708 1292 1003 1340; x_wconf 84' lang='lat' dir='ltr'><strong>festivitatem</strong></span> <span class='ocrx_word' id='word_1_86' title='bbox 1018 1292 1288 1353; x_wconf 87' lang='lat' dir='ltr'><strong>advenerat,</strong></span> <span class='ocrx_word' id='word_1_87' title='bbox 1316 1293 1567 1356; x_wconf 80' lang='lat' dir='ltr'><strong>indulgens</strong></span> <span class='ocrx_word' id='word_1_88' title='bbox 1593 1292 1804 1352; x_wconf 85' lang='lat' dir='ltr'><strong>laedenti,</strong></span> 
     </span>
     <span class='ocr_line' id='line_1_13' title="bbox 396 1370 1810 1436; baseline 0.001 -19"><span class='ocrx_word' id='word_1_89' title='bbox 396 1379 443 1417; x_wconf 89' lang='lat' dir='ltr'><strong>et</strong></span> <span class='ocrx_word' id='word_1_90' title='bbox 479 1370 632 1417; x_wconf 88' lang='lat' dir='ltr'><strong>visum</strong></span> <span class='ocrx_word' id='word_1_91' title='bbox 663 1371 839 1436; x_wconf 89' lang='lat' dir='ltr'><strong>recepit</strong></span> <span class='ocrx_word' id='word_1_92' title='bbox 870 1380 916 1418; x_wconf 89' lang='lat' dir='ltr'><strong>et</strong></span> <span class='ocrx_word' id='word_1_93' title='bbox 947 1371 1159 1434; x_wconf 85' lang='lat' dir='ltr'><strong>gratiam.</strong></span> <span class='ocrx_word' id='word_1_94' title='bbox 1195 1370 1365 1435; x_wconf 90' lang='lat' dir='ltr'><strong>Sicque</strong></span> <span class='ocrx_word' id='word_1_95' title='bbox 1396 1370 1572 1419; x_wconf 85' lang='lat' dir='ltr'><strong>factum</strong></span> <span class='ocrx_word' id='word_1_96' title='bbox 1604 1379 1672 1418; x_wconf 89' lang='lat' dir='ltr'><strong>est</strong></span> <span class='ocrx_word' id='word_1_97' title='bbox 1697 1379 1750 1417; x_wconf 88' lang='lat' dir='ltr'><strong>ut</strong></span> <span class='ocrx_word' id='word_1_98' title='bbox 1769 1370 1810 1418; x_wconf 88' lang='lat' dir='ltr'><strong>is</strong></span> 
     </span>
     <span class='ocr_line' id='line_1_14' title="bbox 398 1448 1808 1515; baseline -0.001 -20"><span class='ocrx_word' id='word_1_99' title='bbox 398 1449 481 1512; x_wconf 90' lang='lat' dir='ltr'><strong>qui</strong></span> <span class='ocrx_word' id='word_1_100' title='bbox 502 1449 651 1496; x_wconf 86' lang='lat' dir='ltr'><strong>sancti</strong></span> <span class='ocrx_word' id='word_1_101' title='bbox 670 1449 897 1496; x_wconf 84' lang='lat' dir='ltr'><strong>auxilium</strong></span> <span class='ocrx_word' id='word_1_102' title='bbox 929 1450 1186 1515; x_wconf 84' lang='lat' dir='ltr'><strong>expetierat</strong></span> <span class='ocrx_word' id='word_1_103' title='bbox 1214 1458 1461 1511; x_wconf 85' lang='lat' dir='ltr'><strong>tutaretur,</strong></span> <span class='ocrx_word' id='word_1_104' title='bbox 1492 1449 1571 1497; x_wconf 90' lang='lat' dir='ltr'><strong>ille</strong></span> <span class='ocrx_word' id='word_1_105' title='bbox 1591 1465 1704 1496; x_wconf 86' lang='lat' dir='ltr'><strong>vero</strong></span> <span class='ocrx_word' id='word_1_106' title='bbox 1727 1448 1808 1514; x_wconf 92' lang='lat' dir='ltr'><strong>qui</strong></span> 
     </span>
     <span class='ocr_line' id='line_1_15' title="bbox 393 1525 1808 1592; baseline 0.001 -20"><span class='ocrx_word' id='word_1_107' title='bbox 393 1542 493 1573; x_wconf 91' lang='lat' dir='ltr'><strong>non</strong></span> <span class='ocrx_word' id='word_1_108' title='bbox 512 1526 737 1575; x_wconf 88' lang='lat' dir='ltr'><strong>credebat</strong></span> <span class='ocrx_word' id='word_1_109' title='bbox 757 1537 1046 1592; x_wconf 85' lang='lat' dir='ltr'><strong>argueretur,</strong></span> <span class='ocrx_word' id='word_1_110' title='bbox 1071 1538 1118 1575; x_wconf 90' lang='lat' dir='ltr'><strong>et</strong></span> <span class='ocrx_word' id='word_1_111' title='bbox 1136 1528 1202 1575; x_wconf 87' lang='lat' dir='ltr'><strong>sic</strong></span> <span class='ocrx_word' id='word_1_112' title='bbox 1220 1538 1419 1592; x_wconf 88' lang='lat' dir='ltr'><strong>uterque</strong></span> <span class='ocrx_word' id='word_1_113' title='bbox 1438 1528 1568 1575; x_wconf 84' lang='lat' dir='ltr'><strong>laetus</strong></span> <span class='ocrx_word' id='word_1_114' title='bbox 1585 1525 1808 1574; x_wconf 87' lang='lat' dir='ltr'><strong>emenda·</strong></span> 
     </span>
    </p>
   </div>
   <div class='ocr_carea' id='block_1_7' title="bbox 391 1605 1221 1723">
    <p class='ocr_par' dir='ltr' id='par_1_7' title="bbox 391 1605 1221 1723">
     <span class='ocr_line' id='line_1_16' title="bbox 391 1605 805 1669; baseline 0.002 -17"><span class='ocrx_word' id='word_1_115' title='bbox 391 1615 560 1669; x_wconf 89' lang='lat' dir='ltr'><strong>tusque</strong></span> <span class='ocrx_word' id='word_1_116' title='bbox 582 1605 805 1653; x_wconf 89' lang='lat' dir='ltr'><strong>discessit.</strong></span> 
     </span>
     <span class='ocr_line' id='line_1_17' title="bbox 976 1686 1221 1723; baseline 0.008 -2"><span class='ocrx_word' id='word_1_117' title='bbox 976 1686 1132 1721; x_wconf 86' lang='lat' dir='ltr'>CAPUT</span> <span class='ocrx_word' id='word_1_118' title='bbox 1154 1686 1221 1723; x_wconf 89' lang='lat' dir='ltr'><strong>XI.</strong></span> 
     </span>
    </p>
   </div>
   <div class='ocr_carea' id='block_1_8' title="bbox 652 1766 1545 1815">
    <p class='ocr_par' dir='ltr' id='par_1_8' title="bbox 652 1766 1545 1815">
     <span class='ocr_line' id='line_1_18' title="bbox 652 1766 1545 1815; baseline 0.003 -14"><span class='ocrx_word' id='word_1_119' title='bbox 652 1768 706 1802; x_wconf 87' lang='lat' dir='ltr'><strong>De</strong></span> <span class='ocrx_word' id='word_1_120' title='bbox 724 1775 917 1814; x_wconf 88' lang='lat' dir='ltr'><strong>contracto,</strong></span> <span class='ocrx_word' id='word_1_121' title='bbox 936 1767 998 1814; x_wconf 87' lang='lat' dir='ltr'><strong>qui</strong></span> <span class='ocrx_word' id='word_1_122' title='bbox 1017 1766 1075 1802; x_wconf 87' lang='lat' dir='ltr'><strong>die</strong></span> <span class='ocrx_word' id='word_1_123' title='bbox 1093 1766 1275 1802; x_wconf 85' lang='lat' dir='ltr'><strong>dominica</strong></span> <span class='ocrx_word' id='word_1_124' title='bbox 1292 1767 1402 1803; x_wconf 83' lang='lat' dir='ltr'><strong>boves</strong></span> <span class='ocrx_word' id='word_1_125' title='bbox 1417 1767 1545 1815; x_wconf 86' lang='lat' dir='ltr'><strong>junxit.</strong></span> 
     </span>
    </p>
   </div>
   <div class='ocr_carea' id='block_1_9' title="bbox 393 1840 1813 2759">
    <p class='ocr_par' dir='ltr' id='par_1_9' title="bbox 393 1840 1813 2759">
     <span class='ocr_line' id='line_1_19' title="bbox 458 1840 1810 1907; baseline 0.002 -20"><span class='ocrx_word' id='word_1_126' title='bbox 458 1840 582 1887; x_wconf 88' lang='lat' dir='ltr'><strong>Alius</strong></span> <span class='ocrx_word' id='word_1_127' title='bbox 612 1857 806 1905; x_wconf 87' lang='lat' dir='ltr'><strong>quoque</strong></span> <span class='ocrx_word' id='word_1_128' title='bbox 829 1857 948 1888; x_wconf 90' lang='lat' dir='ltr'><strong>ausu</strong></span> <span class='ocrx_word' id='word_1_129' title='bbox 979 1841 1230 1888; x_wconf 89' lang='lat' dir='ltr'><strong>temerario</strong></span> <span class='ocrx_word' id='word_1_130' title='bbox 1252 1841 1329 1888; x_wconf 90' lang='lat' dir='ltr'><strong>die</strong></span> <span class='ocrx_word' id='word_1_131' title='bbox 1351 1841 1591 1907; x_wconf 85' lang='lat' dir='ltr'><strong>dominica</strong></span> <span class='ocrx_word' id='word_1_132' title='bbox 1606 1840 1810 1906; x_wconf 84' lang='lat' dir='ltr'><strong>jungens</strong></span> 
     </span>
     <span class='ocr_line' id='line_1_20' title="bbox 396 1914 1812 1982; baseline 0.003 -20"><span class='ocrx_word' id='word_1_133' title='bbox 396 1914 546 1962; x_wconf 87' lang='lat' dir='ltr'><strong>boves</strong></span> <span class='ocrx_word' id='word_1_134' title='bbox 568 1932 734 1978; x_wconf 88' lang='lat' dir='ltr'><strong>agrum</strong></span> <span class='ocrx_word' id='word_1_135' title='bbox 755 1915 935 1963; x_wconf 89' lang='lat' dir='ltr'><strong>sulcare</strong></span> <span class='ocrx_word' id='word_1_136' title='bbox 957 1916 1122 1981; x_wconf 87' lang='lat' dir='ltr'><strong>coepit,</strong></span> <span class='ocrx_word' id='word_1_137' title='bbox 1151 1917 1540 1982; x_wconf 87' lang='lat' dir='ltr'><strong>apprehensaque</strong></span> <span class='ocrx_word' id='word_1_138' title='bbox 1560 1918 1737 1978; x_wconf 88' lang='lat' dir='ltr'><strong>securi,</strong></span> <span class='ocrx_word' id='word_1_139' title='bbox 1759 1929 1812 1966; x_wconf 88' lang='lat' dir='ltr'><strong>ut</strong></span> 
     </span>
     <span class='ocr_line' id='line_1_21' title="bbox 393 1993 1811 2059; baseline 0.003 -19"><span class='ocrx_word' id='word_1_140' title='bbox 393 1993 573 2059; x_wconf 88' lang='lat' dir='ltr'><strong>aliquid</strong></span> <span class='ocrx_word' id='word_1_141' title='bbox 593 1993 867 2041; x_wconf 89' lang='lat' dir='ltr'><strong>emendaret</strong></span> <span class='ocrx_word' id='word_1_142' title='bbox 889 1994 938 2041; x_wconf 92' lang='lat' dir='ltr'><strong>in</strong></span> <span class='ocrx_word' id='word_1_143' title='bbox 966 2011 1177 2055; x_wconf 85' lang='lat' dir='ltr'><strong>vomere,</strong></span> <span class='ocrx_word' id='word_1_144' title='bbox 1208 1995 1426 2059; x_wconf 90' lang='lat' dir='ltr'><strong>protinus</strong></span> <span class='ocrx_word' id='word_1_145' title='bbox 1454 1996 1706 2044; x_wconf 79' lang='lat' dir='ltr'><strong>contractis</strong></span> <span class='ocrx_word' id='word_1_146' title='bbox 1738 1996 1811 2044; x_wconf 90' lang='lat' dir='ltr'><strong>di-</strong></span> 
     </span>
     <span class='ocr_line' id='line_1_22' title="bbox 394 2070 1811 2138; baseline 0.002 -21"><span class='ocrx_word' id='word_1_147' title='bbox 394 2071 505 2134; x_wconf 84' lang='lat' dir='ltr'><strong>gitis</strong></span> <span class='ocrx_word' id='word_1_148' title='bbox 515 2070 822 2118; x_wconf 91' lang='lat' dir='ltr'><strong>manubrium</strong></span> <span class='ocrx_word' id='word_1_149' title='bbox 839 2071 888 2117; x_wconf 90' lang='lat' dir='ltr'><strong>in</strong></span> <span class='ocrx_word' id='word_1_150' title='bbox 911 2070 1103 2119; x_wconf 80' lang='lat' dir='ltr'><strong>dextera</strong></span> <span class='ocrx_word' id='word_1_151' title='bbox 1120 2071 1220 2135; x_wconf 89' lang='lat' dir='ltr'><strong>ejus</strong></span> <span class='ocrx_word' id='word_1_152' title='bbox 1242 2072 1452 2119; x_wconf 88' lang='lat' dir='ltr'><strong>adhaesit.</strong></span> <span class='ocrx_word' id='word_1_153' title='bbox 1475 2075 1690 2138; x_wconf 90' lang='lat' dir='ltr'><strong>Cumque</strong></span> <span class='ocrx_word' id='word_1_154' title='bbox 1716 2090 1811 2138; x_wconf 87' lang='lat' dir='ltr'><strong>prae</strong></span> 
     </span>
     <span class='ocr_line' id='line_1_23' title="bbox 397 2149 1811 2215; baseline 0.001 -19"><span class='ocrx_word' id='word_1_155' title='bbox 397 2149 564 2196; x_wconf 87' lang='lat' dir='ltr'><strong>dolore</strong></span> <span class='ocrx_word' id='word_1_156' title='bbox 584 2149 733 2196; x_wconf 90' lang='lat' dir='ltr'><strong>nimio</strong></span> <span class='ocrx_word' id='word_1_157' title='bbox 756 2149 1059 2212; x_wconf 86' lang='lat' dir='ltr'><strong>cruciaretur,</strong></span> <span class='ocrx_word' id='word_1_158' title='bbox 1085 2159 1193 2215; x_wconf 90' lang='lat' dir='ltr'><strong>post</strong></span> <span class='ocrx_word' id='word_1_159' title='bbox 1217 2149 1339 2197; x_wconf 92' lang='lat' dir='ltr'><strong>duos</strong></span> <span class='ocrx_word' id='word_1_160' title='bbox 1359 2166 1512 2198; x_wconf 91' lang='lat' dir='ltr'><strong>annos</strong></span> <span class='ocrx_word' id='word_1_161' title='bbox 1533 2151 1730 2198; x_wconf 82' lang='lat' dir='ltr'><strong>veniens</strong></span> <span class='ocrx_word' id='word_1_162' title='bbox 1749 2150 1811 2199; x_wconf 88' lang='lat' dir='ltr'><strong>ad</strong></span> 
     </span>
     <span class='ocr_line' id='line_1_24' title="bbox 400 2225 1807 2290; baseline 0.001 -18"><span class='ocrx_word' id='word_1_163' title='bbox 400 2225 527 2273; x_wconf 89' lang='lat' dir='ltr'><strong>beati</strong></span> <span class='ocrx_word' id='word_1_164' title='bbox 559 2226 776 2290; x_wconf 80' lang='lat' dir='ltr'><strong>martyris</strong></span> <span class='ocrx_word' id='word_1_165' title='bbox 795 2225 1039 2273; x_wconf 89' lang='lat' dir='ltr'><strong>basilicam</strong></span> <span class='ocrx_word' id='word_1_166' title='bbox 1053 2264 1065 2288; x_wconf 92' lang='lat'><strong>,</strong></span> <span class='ocrx_word' id='word_1_167' title='bbox 1090 2226 1269 2290; x_wconf 87' lang='lat' dir='ltr'><strong>vigilias</strong></span> <span class='ocrx_word' id='word_1_168' title='bbox 1300 2226 1500 2274; x_wconf 86' lang='lat' dir='ltr'><strong>fideliter</strong></span> <span class='ocrx_word' id='word_1_169' title='bbox 1521 2226 1774 2275; x_wconf 83' lang='lat' dir='ltr'><strong>celebravit</strong></span> <span class='ocrx_word' id='word_1_170' title='bbox 1797 2245 1807 2274; x_wconf 91' lang='lat'>:</span> 
     </span>
     <span class='ocr_line' id='line_1_25' title="bbox 398 2303 1808 2370; baseline 0.001 -20"><span class='ocrx_word' id='word_1_171' title='bbox 398 2305 554 2352; x_wconf 90' lang='lat' dir='ltr'><strong>statim</strong></span> <span class='ocrx_word' id='word_1_172' title='bbox 580 2305 627 2351; x_wconf 91' lang='lat' dir='ltr'><strong>in</strong></span> <span class='ocrx_word' id='word_1_173' title='bbox 654 2304 756 2370; x_wconf 86' lang='lat' dir='ltr'><strong>ipsa</strong></span> <span class='ocrx_word' id='word_1_174' title='bbox 780 2304 857 2351; x_wconf 89' lang='lat' dir='ltr'><strong>die</strong></span> <span class='ocrx_word' id='word_1_175' title='bbox 888 2303 1151 2366; x_wconf 90' lang='lat' dir='ltr'><strong>dominica,</strong></span> <span class='ocrx_word' id='word_1_176' title='bbox 1184 2315 1385 2351; x_wconf 81' lang='lat' dir='ltr'><strong>reserata</strong></span> <span class='ocrx_word' id='word_1_177' title='bbox 1410 2321 1579 2352; x_wconf 90' lang='lat' dir='ltr'><strong>manus</strong></span> <span class='ocrx_word' id='word_1_178' title='bbox 1609 2305 1808 2368; x_wconf 87' lang='lat' dir='ltr'><strong>lignum,</strong></span> 
     </span>
     <span class='ocr_line' id='line_1_26' title="bbox 398 2383 1811 2449; baseline 0.002 -20"><span class='ocrx_word' id='word_1_179' title='bbox 398 2383 529 2447; x_wconf 88' lang='lat' dir='ltr'><strong>quod</strong></span> <span class='ocrx_word' id='word_1_180' title='bbox 545 2383 718 2429; x_wconf 88' lang='lat' dir='ltr'><strong>invitus</strong></span> <span class='ocrx_word' id='word_1_181' title='bbox 740 2383 948 2445; x_wconf 88' lang='lat' dir='ltr'><strong>tenebat,</strong></span> <span class='ocrx_word' id='word_1_182' title='bbox 969 2383 1147 2442; x_wconf 86' lang='lat' dir='ltr'><strong>amisit;</strong></span> <span class='ocrx_word' id='word_1_183' title='bbox 1168 2398 1390 2445; x_wconf 87' lang='lat' dir='ltr'><strong>magnam</strong></span> <span class='ocrx_word' id='word_1_184' title='bbox 1407 2383 1610 2430; x_wconf 88' lang='lat' dir='ltr'><strong>inferens</strong></span> <span class='ocrx_word' id='word_1_185' title='bbox 1630 2385 1811 2449; x_wconf 87' lang='lat' dir='ltr'><strong>populo</strong></span> 
     </span>
     <span class='ocr_line' id='line_1_27' title="bbox 398 2459 1813 2526; baseline 0.002 -20"><span class='ocrx_word' id='word_1_186' title='bbox 398 2460 698 2525; x_wconf 90' lang='lat' dir='ltr'><strong>disciplinam</strong></span> <span class='ocrx_word' id='word_1_187' title='bbox 719 2470 773 2507; x_wconf 93' lang='lat' dir='ltr'><strong>ut</strong></span> <span class='ocrx_word' id='word_1_188' title='bbox 793 2460 924 2525; x_wconf 92' lang='lat' dir='ltr'><strong>quod</strong></span> <span class='ocrx_word' id='word_1_189' title='bbox 952 2460 1029 2507; x_wconf 87' lang='lat' dir='ltr'><strong>die</strong></span> <span class='ocrx_word' id='word_1_190' title='bbox 1052 2459 1293 2507; x_wconf 89' lang='lat' dir='ltr'><strong>dominica</strong></span> <span class='ocrx_word' id='word_1_191' title='bbox 1317 2459 1467 2510; x_wconf 86' lang='lat' dir='ltr'><strong>suerat</strong></span> <span class='ocrx_word' id='word_1_192' title='bbox 1492 2470 1813 2526; x_wconf 87' lang='lat' dir='ltr'><strong>perpetratum</strong></span> 
     </span>
     <span class='ocr_line' id='line_1_28' title="bbox 401 2537 1812 2602; baseline 0.001 -18"><span class='ocrx_word' id='word_1_193' title='bbox 401 2538 501 2601; x_wconf 90' lang='lat' dir='ltr'><strong>ipsa</strong></span> <span class='ocrx_word' id='word_1_194' title='bbox 520 2554 711 2602; x_wconf 91' lang='lat' dir='ltr'><strong>quoque</strong></span> <span class='ocrx_word' id='word_1_195' title='bbox 733 2537 810 2584; x_wconf 88' lang='lat' dir='ltr'><strong>die</strong></span> <span class='ocrx_word' id='word_1_196' title='bbox 829 2537 1070 2584; x_wconf 90' lang='lat' dir='ltr'><strong>dominica</strong></span> <span class='ocrx_word' id='word_1_197' title='bbox 1088 2547 1383 2602; x_wconf 89' lang='lat' dir='ltr'><strong>purgaretur.</strong></span> <span class='ocrx_word' id='word_1_198' title='bbox 1407 2540 1465 2584; x_wconf 88' lang='lat' dir='ltr'><strong>At</strong></span> <span class='ocrx_word' id='word_1_199' title='bbox 1486 2538 1581 2600; x_wconf 88' lang='lat' dir='ltr'><strong>ille,</strong></span> <span class='ocrx_word' id='word_1_200' title='bbox 1597 2537 1812 2602; x_wconf 83' lang='lat' dir='ltr'><strong>magnifi-</strong></span> 
     </span>
     <span class='ocr_line' id='line_1_29' title="bbox 401 2614 1813 2677; baseline 0.003 -19"><span class='ocrx_word' id='word_1_201' title='bbox 401 2629 513 2660; x_wconf 86' lang='lat' dir='ltr'><strong>cans</strong></span> <span class='ocrx_word' id='word_1_202' title='bbox 531 2615 727 2676; x_wconf 86' lang='lat' dir='ltr'><strong>gloriam</strong></span> <span class='ocrx_word' id='word_1_203' title='bbox 749 2614 982 2677; x_wconf 83' lang='lat' dir='ltr'><strong>martyris,</strong></span> <span class='ocrx_word' id='word_1_204' title='bbox 998 2615 1185 2660; x_wconf 88' lang='lat' dir='ltr'><strong>recessit</strong></span> <span class='ocrx_word' id='word_1_205' title='bbox 1204 2614 1472 2676; x_wconf 90' lang='lat' dir='ltr'><strong>incolumis,</strong></span> <span class='ocrx_word' id='word_1_206' title='bbox 1497 2632 1585 2662; x_wconf 90' lang='lat' dir='ltr'><strong>nec</strong></span> <span class='ocrx_word' id='word_1_207' title='bbox 1599 2616 1722 2663; x_wconf 90' lang='lat' dir='ltr'><strong>ultra</strong></span> <span class='ocrx_word' id='word_1_208' title='bbox 1736 2616 1813 2662; x_wconf 91' lang='lat' dir='ltr'><strong>die</strong></span> 
     </span>
     <span class='ocr_line' id='line_1_30' title="bbox 400 2692 1787 2759; baseline 0.003 -23"><span class='ocrx_word' id='word_1_209' title='bbox 400 2692 751 2738; x_wconf 87' lang='lat' dir='ltr'><strong>resurrectionis</strong></span> <span class='ocrx_word' id='word_1_210' title='bbox 770 2692 1019 2739; x_wconf 88' lang='lat' dir='ltr'><strong>dominicae</strong></span> <span class='ocrx_word' id='word_1_211' title='bbox 1031 2694 1043 2715; x_wconf 95' lang='lat'>¹</span> <span class='ocrx_word' id='word_1_212' title='bbox 1059 2692 1328 2757; x_wconf 87' lang='lat' dir='ltr'><strong>quidquam</strong></span> <span class='ocrx_word' id='word_1_213' title='bbox 1345 2709 1485 2741; x_wconf 90' lang='lat' dir='ltr'><strong>ausus</strong></span> <span class='ocrx_word' id='word_1_214' title='bbox 1499 2705 1569 2742; x_wconf 91' lang='lat' dir='ltr'><strong>est</strong></span> <span class='ocrx_word' id='word_1_215' title='bbox 1586 2695 1787 2759; x_wconf 86' lang='lat' dir='ltr'><strong>operari.</strong></span> 
     </span>
    </p>
   </div>
   <div class='ocr_carea' id='block_1_10' title="bbox 405 2833 1812 2948">
    <p class='ocr_par' dir='ltr' id='par_1_10' title="bbox 405 2833 1812 2948">
     <span class='ocr_line' id='line_1_31' title="bbox 456 2833 1812 2887; baseline 0.005 -18"><span class='ocrx_word' id='word_1_216' title='bbox 456 2835 512 2880; x_wconf 79' lang='lat'><strong>(1)</strong></span> <span class='ocrx_word' id='word_1_217' title='bbox 536 2833 608 2870; x_wconf 88' lang='lat' dir='ltr'><strong>Hic</strong></span> <span class='ocrx_word' id='word_1_218' title='bbox 635 2842 672 2871; x_wconf 89' lang='lat' dir='ltr'><strong>et</strong></span> <span class='ocrx_word' id='word_1_219' title='bbox 700 2833 839 2884; x_wconf 89' lang='lat' dir='ltr'><strong>passim</strong></span> <span class='ocrx_word' id='word_1_220' title='bbox 869 2834 1066 2872; x_wconf 88' lang='lat' dir='ltr'><strong>manifeste</strong></span> <span class='ocrx_word' id='word_1_221' title='bbox 1095 2834 1174 2873; x_wconf 86' lang='lat' dir='ltr'><strong>dies</strong></span> <span class='ocrx_word' id='word_1_222' title='bbox 1200 2835 1379 2887; x_wconf 86' lang='lat' dir='ltr'><strong>quaelibet</strong></span> <span class='ocrx_word' id='word_1_223' title='bbox 1403 2835 1593 2875; x_wconf 85' lang='lat' dir='ltr'><strong>dominica</strong></span> <span class='ocrx_word' id='word_1_224' title='bbox 1621 2848 1812 2876; x_wconf 85' lang='lat' dir='ltr'><strong>resurrec-</strong></span> 
     </span>
     <span class='ocr_line' id='line_1_32' title="bbox 405 2895 1177 2948; baseline 0.001 -13"><span class='ocrx_word' id='word_1_225' title='bbox 405 2895 515 2935; x_wconf 88' lang='lat' dir='ltr'><strong>tionis</strong></span> <span class='ocrx_word' id='word_1_226' title='bbox 536 2895 735 2933; x_wconf 86' lang='lat' dir='ltr'><strong>dominicae</strong></span> <span class='ocrx_word' id='word_1_227' title='bbox 755 2895 834 2934; x_wconf 83' lang='lat' dir='ltr'><strong>dies</strong></span> <span class='ocrx_word' id='word_1_228' title='bbox 854 2897 1079 2948; x_wconf 80' lang='lat' dir='ltr'><strong>appellatur.</strong></span> <span class='ocrx_word' id='word_1_229' title='bbox 1099 2900 1177 2948; x_wconf 83' lang='lat' dir='ltr'>(R.)</span> 
     </span>
    </p>
   </div>
  </div>
 </body>
</html>
