2002 3418
416 354 492 391 142
822 357 888 394 DE
913 357 1099 394 GLORIA
1127 357 1422 396 MARTYRUM.

964 491 1118 528 CAPUT
1145 489 1278 527 XLIX.

663 584 782 620 Passio
799 593 832 619 et
846 585 993 620 nomina
1006 584 1241 632 quadraginta
1257 593 1338 619 octo
1356 583 1583 633 martyrum1.

479 678 804 743 Quadraginta
849 697 964 728 vero
1005 691 1115 728 octo
1161 691 1422 746 martyrum
1470 681 1668 730 nomina
1688 718 1701 744 ,
1749 682 1832 746 qui

410 755 540 819 apud
563 757 847 826 Lugdunum
870 759 993 822 passi
1016 758 1242 805 dicuntur
1255 761 1285 820 ²,
1316 759 1416 806 haec
1440 769 1550 806 sunt
1576 777 1587 805 z
1613 759 1828 822 Vectius,

412 833 647 896 Epagatus
662 871 674 895 ,
706 834 978 897 Zacharias,
1012 836 1265 897 Macarius,
1305 835 1594 896 Alcibiades,
1631 825 1826 898 Silvius,

412 910 612 973 Primus,
640 912 805 977 Ulpius
819 915 849 974 ⁸,
872 913 1054 975 Vitalis,
1081 914 1393 975 Comminius,
1419 912 1647 974 October,
1676 913 1832 960 Philo-

410 989 585 1050 minus,
605 990 853 1051 Geminus,
871 991 1010 1051 Julia,
1031 990 1214 1052 Albina,
1231 993 1392 1052 Grata,
1408 990 1613 1051 AEmilia,
1634 989 1832 1036 Posthu-
1855 980 1859 984 ¹

410 1063 596 1125 miana,
625 1066 874 1129 Pompeia,
903 1066 1131 1128 Rodone,
1159 1066 1325 1128 Biblis,
1352 1069 1559 1128 Quarta,
1588 1068 1827 1127 Materna,

409 1139 680 1204 Elpenipsa,
698 1142 897 1189 Stamas.
924 1142 984 1188 Hi
1006 1151 1166 1188 autem
1187 1142 1349 1189 bestiis
1371 1143 1531 1189 traditi
1553 1151 1691 1190 sunt:
1717 1143 1832 1189 San-

409 1225 512 1263 ctus
532 1227 580 1264 et
599 1220 828 1281 Maturus,
855 1219 1135 1281 Alexander,
1164 1220 1405 1281 Ponticus,
1429 1219 1687 1280 Blandina3
1712 1229 1760 1266 et
1778 1219 1831 1266 hi

409 1304 520 1341 sunt
550 1297 634 1360 qui
666 1298 715 1343 in
747 1314 936 1345 carcere
968 1298 1186 1363 spiritum
1220 1297 1533 1346 reddiderunt
1557 1314 1568 1343 :
1598 1296 1828 1359 Arescius,

409 1373 629 1436 Fotinus,
665 1375 938 1437 Cornelius,
973 1376 1209 1437 Zotimus,
1234 1376 1364 1422 Titus
1380 1413 1392 1437 ,
1418 1375 1630 1435 Zoticus,
1656 1373 1827 1434 Julius,

409 1451 615 1513 AEmilia,
643 1453 880 1514 Gamnite,
910 1453 1155 1518 Pompeia,
1185 1452 1402 1514 Alumna,
1430 1451 1654 1513 Mamilia,
1682 1454 1828 1511 Justa,

408 1528 614 1591 Trifime,
628 1530 830 1577 Antonia
839 1540 886 1577 et
897 1528 1066 1577 beatus
1083 1530 1294 1591 Fotinus,
1311 1530 1595 1595 episcopus‘.
1613 1531 1829 1585 Quorum

409 1617 572 1654 sancta
589 1623 795 1672 corpora
806 1608 950 1672 ¹judex
971 1608 1163 1671 iniquus
1187 1607 1285 1670 igni
1306 1607 1429 1654 tradi
1448 1606 1669 1671 praecepit
1684 1642 1697 1667 ,
1722 1621 1832 1652 exu-

409 1683 602 1748 stisque,
628 1685 678 1730 in
701 1684 988 1732 Rhodanum
1011 1685 1229 1749 pulveres
1244 1684 1380 1747 jussit
1397 1684 1570 1749 spargi.
1593 1683 1683 1730 Sed
1704 1692 1834 1748 post—

408 1776 555 1823 quam
575 1762 677 1809 haec
698 1772 826 1826 gesta
845 1772 977 1824 sunt,
1011 1779 1122 1809 cum
1143 1761 1387 1809 christiani
1408 1777 1665 1809 moerorem
1685 1760 1834 1807 maxi-

409 1855 544 1885 mum
584 1839 820 1888 haberent
839 1878 852 1902 ,
897 1841 1032 1904 quasi
1076 1839 1368 1905 deperissent
1403 1838 1554 1887 beatae
1592 1838 1800 1901 reliquiae
1814 1874 1827 1899 ,

407 1926 548 1963 nocte
571 1927 895 1982 apparuerunt
917 1918 1030 1964 viris
1052 1916 1274 1964 fidelibus
1294 1917 1345 1963 in
1367 1933 1426 1963 eo
1451 1917 1589 1978 loco,
1615 1931 1713 1980 quo
1734 1915 1832 1978 igni
1872 1947 1875 1949 >

410 1995 566 2043 traditi
587 2005 697 2043 sunt
710 2034 723 2058 ,
759 2006 934 2044 stantes
967 1996 1138 2059 integri
1168 2012 1224 2043 ac
1245 1995 1392 2042 illaesi.
1434 1998 1491 2041 Et
1523 1993 1742 2042 conversi
1769 1993 1832 2040 ad

408 2073 534 2120 viros
555 2074 776 2120 dixerunt
791 2075 883 2120 eis:
908 2095 929 2117 ι(
947 2074 1168 2137 Reliquiae
1180 2083 1352 2120 nostrae
1365 2071 1428 2120 ab
1440 2072 1537 2119 hoc
1549 2070 1834 2133 colligantur

407 2149 534 2212 loco,
561 2151 674 2214 quia
696 2151 854 2197 nullus
876 2151 1018 2216 periit
1038 2167 1067 2198 a
1089 2149 1246 2197 nobis.
1269 2153 1336 2196 Ex
1356 2149 1452 2196 hoc
1470 2148 1600 2195 enim
1618 2146 1838 2194 translati*

409 2244 572 2275 sumus
589 2229 652 2276 ad
672 2228 903 2293 requiem,
933 2244 1079 2292 quam
1102 2227 1242 2275 nobis
1259 2227 1476 2292 promisit
1497 2242 1579 2272 rex
1600 2224 1831 2272 coelorum

462 2419 516 2466 (1)
536 2421 594 2455 De
616 2432 740 2456 vanr
757 2417 986 2467 martyribus
1005 2417 1114 2466 apud
1132 2417 1353 2466 Lugdunum
1373 2421 1521 2467 passis,
1543 2417 1663 2470 2205.

463 2481 517 2528 (2)
538 2483 640 2519 Ann.
665 2482 763 2528 177,
786 2482 809 2517 2
832 2483 922 2518 Jun.
946 2481 1027 2528 (R.)
1044 2500 1098 2507 —
1113 2480 1166 2526 (3)
1186 2477 1263 2515 Alii
1281 2480 1434 2528 Azptas.
1453 2481 1534 2528 (R.)
1640 2471 1642 2473 ’

465 2544 518 2591 (4)
537 2543 609 2581 Alii
634 2544 831 2581 Photinus.
854 2545 975 2580 Porro
993 2541 1133 2578 horum
1155 2543 1206 2579 48
1226 2550 1439 2592 martyrum
1462 2543 1621 2580 nomina
1641 2540 1830 2594 pollicitus

410 2613 467 2642 est
496 2606 703 2657 Gregorius
732 2615 770 2644 et
798 2604 950 2643 nonnisi
972 2606 1021 2642 46
1045 2601 1211 2641 exhibet.
1238 2603 1386 2641 Omittit
1402 2607 1591 2651 Attalum,
1611 2604 1652 2642 in
1672 2603 1830 2655 epistola

409 2667 674 2718 Lugdunensis
695 2668 862 2706 ecclesiae
881 2665 1187 2705 celeberrimum.
1211 2669 1255 2703 In
1278 2675 1358 2705 vet.
1387 2666 1666 2719 martyrologiis
1683 2664 1829 2704 haben-

410 2739 473 2768 tur
490 2733 650 2782 Rogata,
672 2734 894 2781 Apollonius
906 2761 915 2779 ,
943 2731 1184 2768 Geminianus
1201 2757 1211 2776 ,
1237 2732 1415 2767 Julianus
1428 2761 1438 2780 ,
1458 2733 1643 2780 Ausonia,
1664 2731 1826 2767 Douma.

410 2795 469 2830 Ex
487 2793 566 2830 vita
583 2796 622 2832 S.
646 2793 829 2831 Barnardi
850 2792 1018 2844 episcopi
1037 2789 1260 2830 Viennensis
1278 2807 1285 2831 :
1309 2795 1519 2840 Severinus,
1539 2794 1775 2843 Exsuperius
1793 2798 1830 2828 et

411 2859 639 2895 FelicianuS.
664 2858 742 2905 (R.)
