2002 3418
349 334 424 372 342
655 333 720 369 DE
749 331 1013 382 MIRACULIS
1043 332 1211 369 SANCTI
1238 332 1446 370 JULIANI.

345 422 446 470 haec
486 422 627 486 vulgo
668 421 929 469 admirante
943 459 955 483 ,
995 420 1237 487 publicato
1261 422 1458 485 scelere,
1497 425 1749 473 multitudo

347 509 518 549 cuncta
539 501 723 567 populi,
747 516 846 549 una
866 517 983 549 voce
1007 517 1340 567 prorumpens,
1365 503 1558 550 Domini
1577 504 1754 552 miseri-

345 578 558 626 cordiam
591 595 648 627 ac
677 578 803 626 beati
826 580 1043 644 martyris
1064 580 1290 628 auxilium
1312 580 1606 646 deprecatur.
1643 584 1754 630 Post

344 666 550 720 quatuor
578 673 694 704 vero
717 666 799 704 aut
821 672 880 704 eo
903 658 1105 722 amplius
1128 657 1272 705 horas
1293 658 1355 706 ad
1370 664 1560 706 sensum
1577 674 1756 722 regres-

345 751 424 782 sus
451 733 583 799 quod
612 735 782 798 injuste
813 735 1056 799 repetebat
1087 735 1278 801 publica
1310 736 1603 785 confessione
1625 746 1756 802 pate-

346 813 471 875 fecit,
494 823 542 862 et
558 814 625 862 sic
648 829 791 862 sanus
811 813 1049 861 abscessit.

917 938 1074 974 CAPUT
1104 939 1187 976 XX.

615 1021 667 1055 De
685 1031 728 1054 eo
745 1019 808 1066 qui
825 1018 1006 1054 basilicam
1019 1028 1176 1055 sanctam
1192 1022 1289 1057 furto
1305 1023 1484 1071 spoliavit.

411 1105 543 1168 Saepe
578 1101 680 1149 haec
707 1099 785 1148 ille
822 1098 1039 1148 audierat
1060 1100 1145 1164 qui
1166 1100 1370 1150 basilicae
1395 1113 1567 1152 sanctae
1583 1105 1762 1153 violen-

346 1182 464 1230 tiam
494 1179 673 1241 intulit;
701 1177 786 1227 sed
806 1178 1021 1242 iniquam
1036 1188 1245 1227 mentem
1265 1181 1411 1228 semel
1432 1180 1672 1230 obsessam
1690 1184 1760 1230 vi·

348 1259 416 1306 tio
445 1257 635 1305 bonitas
661 1255 847 1304 mollire
868 1270 969 1303 non
993 1256 1165 1320 potuit,
1191 1255 1446 1306 Salomone
1464 1257 1758 1307 obtestante:

349 1339 410 1383 In
427 1333 657 1382 malevola
681 1335 848 1381 anima
867 1350 964 1382 non
983 1333 1248 1400 ingreditur·
1260 1336 1492 1400 sapientia
1503 1338 1533 1382 ¹.
1555 1335 1765 1385 Advene-

349 1423 421 1461 rat
439 1413 662 1461 festivitas
686 1411 835 1460 sancti
848 1449 862 1475 ,
880 1420 928 1460 et
941 1428 1052 1460 ecce
1072 1412 1268 1477 quidam
1282 1429 1310 1461 e
1327 1413 1509 1479 populo
1527 1415 1767 1481 conspica-

350 1503 428 1540 tur
457 1493 750 1540 ornamentis
782 1491 1025 1540 immensis
1052 1490 1243 1540 beatam
1263 1491 1507 1540 basilicam
1524 1493 1760 1558 effulgere.

352 1570 658 1636 Concupiscit
671 1570 838 1634 iniqua
853 1578 1013 1617 mente
1031 1569 1165 1634 quod
1187 1569 1452 1636 adipiscens
1471 1586 1571 1618 non
1583 1580 1768 1636 poterat

353 1648 607 1695 occultare.
633 1648 795 1711 Igitur,
812 1646 1082 1695 discedente
1099 1648 1280 1712 populo
1299 1663 1328 1695 a
1344 1647 1538 1695 basilica
1549 1656 1658 1713 post
1668 1664 1768 1711 gra-

352 1727 468 1774 tiam
485 1725 821 1790 vespertinam,
847 1723 929 1772 hic
943 1740 993 1772 se
1014 1725 1064 1772 in
1087 1725 1263 1788 angulo
1283 1724 1486 1773 basilicae
1508 1725 1768 1790 reprimens

351 1803 569 1865 latitavit,
594 1818 668 1864 ac,
693 1801 806 1849 dato
822 1802 1006 1850 cunctis
1031 1812 1265 1851 nocturna
1285 1803 1442 1867 quiete
1460 1802 1664 1864 silentio,
1692 1802 1768 1851 vel

354 1881 598 1947 operiente
630 1878 860 1928 umbrosa
894 1880 1093 1943 caligine
1126 1879 1363 1928 mundum
1375 1917 1390 1942 ,
1436 1880 1678 1944 consurgit
1708 1879 1769 1928 ab

354 1958 548 2021 angulo,
579 1967 627 2004 et
664 1956 786 2004 nihil
829 1956 1070 2018 dubitans,
1113 1957 1276 2021 utique
1311 1957 1424 2022 quia
1457 1956 1652 2005 satellite
1690 1959 1770 2005 Sa-

354 2043 466 2083 tana
482 2034 829 2101 impellebatur,
845 2051 987 2100 super
997 2034 1260 2082 cancellum
1275 2033 1405 2082 beati
1416 2035 1616 2100 sepulcri
1633 2050 1772 2082 cursu

353 2111 554 2176 prosiliit
573 2111 762 2177 rapido,
786 2110 1142 2175 detractamque
1161 2126 1190 2159 a
1204 2128 1393 2159 summo
1410 2127 1559 2159 unam
1577 2111 1774 2175 gemmis

355 2189 717 2238 coruscantibus
746 2205 936 2237 crucem
950 2191 965 2213 ²
991 2189 1053 2237 ad
1074 2199 1248 2237 terram
1266 2189 1451 2254 dejecit,
1472 2188 1773 2251 collectisque

355 2267 522 2315 velulis
548 2283 607 2316 ac
635 2267 839 2333 palliolis
865 2267 928 2316 de
957 2268 1156 2315 circuitu
1182 2268 1418 2332 parietum
1435 2264 1770 2331 pendentibus,

358 2361 510 2392 unum
525 2346 778 2394 volucrum
795 2345 920 2407 facit,
939 2345 1257 2411 imposuitque
1274 2344 1484 2390 humeris
1502 2359 1576 2404 ac,
1597 2343 1776 2390 elevata

358 2438 498 2470 cruce
529 2439 696 2485 manu,
721 2424 883 2471 locum
904 2423 1034 2471 unde
1050 2423 1324 2470 discesserat
1342 2422 1510 2487 repetit
1525 2437 1598 2481 ac,
1623 2420 1777 2487 posita

412 2572 467 2618 (1)
485 2572 577 2622 Sap.
597 2584 635 2618 1,
655 2573 695 2610 4.

413 2633 532 2680 (2)1n
561 2633 797 2674 ciboriorum
826 2647 912 2686 quae
946 2646 1061 2686 supra
1091 2634 1225 2672 altaria
1256 2641 1322 2671 aut
1352 2641 1572 2672 sanctorum
1612 2629 1779 2686 mmulps

359 2695 528 2733 construi
548 2694 724 2734 solebant
749 2697 966 2736 summitate
991 2695 1397 2748 cruxjmponebatur3
1424 2708 1503 2747 qua
1529 2695 1578 2735 de
1600 2707 1643 2732 re
1667 2693 1779 2744 plura

358 2755 476 2794 babet
490 2756 692 2805 Mabillon,
712 2757 782 2799 lib.
802 2761 837 2799 1.
862 2758 1009 2810 Liturg.
1034 2758 1169 2798 Gallio.
1194 2771 1280 2809 cap.
1303 2771 1391 2805 vm,
1418 2770 1460 2796 n.
1482 2760 1522 2795 7.
1545 2753 1779 2804 (R.)—Vide

361 2831 501 2870 supra,
519 2831 561 2871 p.
583 2822 659 2866 72,
681 2833 721 2858 n.
744 2823 783 2860 2.
