2002 3418
404 335 452 371 12
774 336 839 372 DE
867 334 1056 373 enomA
1083 314 1381 372 MAnmuM.

401 433 582 472 mentes
609 422 821 471 fidelium
850 424 913 472 ad
941 422 1310 488 contemplanda
1334 422 1538 471 coelestia
1559 424 1786 472 animavit
1799 462 1812 486 ‚

400 501 548 548 sancti
571 502 773 566 apostoli
801 502 997 549 Domini
1015 510 1062 547 et
1087 500 1340 546 Salvatoris
1367 500 1518 546 nostri
1548 517 1658 548 cum
1675 500 1816 550 beata

399 579 546 626 Maria
564 589 714 626 matre
734 580 851 643 ejus,
877 579 927 625 in
946 593 1094 625 unam
1118 577 1390 639 congregati
1415 577 1632 639 domum,
1655 579 1818 627 omnia

397 655 645 720 ponebant
670 657 721 704 in
749 657 908 704 medio
936 674 946 701 ε
971 671 1060 702 nec
1079 655 1331 720 quisquam
1351 671 1491 702 suum
1515 655 1694 719 aliquid
1718 670 1818 703 esse

399 733 613 794 dicebat3
643 734 727 782 sed
755 734 1079 798 unusquisque
1102 741 1274 778 cuncta
1293 732 1566 796 possidebat
1586 733 1637 779 in
1667 732 1818 780 chari-

397 820 519 874 tate,
559 813 679 859 sicut
721 828 853 859 sacer
891 810 1163 876 apostolicae
1195 811 1395 857 actionis
1427 821 1587 858 narrat
1623 811 1768 875 stylus
1782 813 1812 857 ¹.

366 903 377 907 “
397 890 507 937 Post
532 890 633 937 haec
656 890 852 954 dispersi
879 898 989 936 sunt
1006 904 1093 954 per
1113 889 1329 951 regiones
1348 888 1555 937 diversas
1573 889 1636 937 ad
1652 889 1819 954 praedi-

397 968 606 1016 candum
628 968 832 1016 verbum
854 968 942 1016 Dei
956 969 986 1014 ².

462 1047 678 1111 Denique
706 1047 904 1111 impleto
935 1061 964 1094 a
992 1044 1134 1092 beata
1160 1045 1306 1092 Maria
1334 1045 1477 1109 hujus
1505 1046 1612 1093 vitae
1645 1061 1813 1108 cursu,

396 1138 507 1169 cum
524 1124 625 1187 Jam
653 1134 906 1172 vocaretur
935 1139 965 1171 a
989 1124 1185 1185 saecule,
1221 1124 1494 1186 congregati
1513 1133 1623 1171 sunt
1650 1140 1817 1171 omnes

395 1201 597 1264 apostoli
621 1202 680 1249 de
704 1202 899 1265 singulis
918 1200 1194 1265 regionibus
1215 1199 1278 1248 ad
1301 1200 1501 1247 domum
1519 1201 1658 1264 ejus’.
1680 1204 1819 1248 Cum·

395 1294 490 1342 que
511 1279 769 1327 audiissent
790 1281 904 1344 quia
930 1289 1050 1327 esset
1080 1278 1363 1326 assumenda
1389 1278 1448 1325 de
1470 1277 1672 1340 mundo,
1704 1279 1817 1343 vigi-

395 1355 562 1404 labant
583 1373 695 1404 cum
715 1373 772 1406 ea
790 1357 932 1404 simul
956 1375 966 1404 z
993 1367 1040 1404 et
1062 1372 1173 1404 ecce
1208 1357 1442 1403 Dominus
1468 1359 1600 1403 Jesus
1627 1356 1820 1404 advenit

395 1449 507 1480 cum
537 1435 715 1496 angelis
742 1435 860 1496 suis,
891 1443 939 1482 et
961 1434 1200 1498 accipiens
1222 1434 1433 1480 animam
1461 1433 1587 1496 ejus,
1625 1433 1820 1481 tradidit

395 1510 614 1558 Michaeli
636 1511 921 1574 archangelo
936 1549 950 1572 ‚
976 1520 1022 1558 et
1041 1511 1246 1558 recessit.
1270 1511 1491 1557 Diluculo
1514 1519 1674 1558 autem
1690 1511 1818 1558 leva-

394 1599 567 1636 verunt
584 1589 786 1654 apostoli
807 1605 919 1636 cum
935 1589 1111 1636 lectulo
1130 1604 1304 1653 corpus
1325 1589 1442 1652 ejus,
1462 1598 1818 1653 posueruntque

394 1666 514 1714 illud
533 1667 582 1713 in
598 1676 934 1728 monumento,
956 1676 1003 1714 et
1019 1665 1351 1713 custodiebant
1365 1666 1537 1730 ipsum,
1556 1665 1819 1712 adventum

395 1743 591 1790 Domini
618 1744 957 1809 praestolantes.
991 1746 1049 1790 Et
1075 1759 1185 1792 ecce
1215 1745 1387 1790 iterum
1420 1742 1596 1790 adstitit
1626 1743 1692 1790 eis
1723 1746 1818 1791 Do-

395 1821 556 1867 minus
569 1858 583 1882 ,
604 1832 970 1887 susceptumque
989 1837 1162 1887 corpus
1180 1831 1398 1869 sanctum
1419 1821 1469 1867 in
1490 1820 1619 1867 nube
1646 1820 1818 1868 deferri

390 1898 528 1962 jussit
549 1899 599 1946 in
616 1900 890 1964 paradisum
911 1917 922 1946 t
942 1899 1029 1947 ubi
1050 1900 1180 1947 nunc
1195 1937 1207 1961 ‚
1236 1909 1477 1964 resumpta
1500 1899 1677 1961 anima,
1705 1916 1818 1946 cum

396 1976 556 2025 electis
572 1978 673 2042 ejus
688 1978 943 2040 exsultans,
965 1978 1235 2026 aeternitatis
1251 1976 1411 2038 boniS‚
1430 1976 1564 2024 nullo
1581 1977 1818 2025 occasuris

396 2052 521 2117 fine,
546 2055 817 2121 perfruitur.

993 2205 1150 2241 CAPUT
1174 2206 1223 2240 V.

669 2303 721 2336 De
740 2313 844 2336 cruce
859 2309 893 2335 et
912 2300 1131 2335 mirabilibus
1146 2302 1221 2348 ejus
1237 2299 1335 2347 apud
1350 2300 1544 2335 Pictavum.

463 2397 592 2444 Crux
604 2398 858 2444 Dominica
871 2433 883 2456 ,
909 2413 1014 2461 quae
1036 2395 1098 2443 ab
1115 2396 1294 2443 Helena
1318 2397 1525 2461 Augusta
1546 2405 1732 2461 reperta
1750 2407 1820 2445 est

399 2475 737 2538 Hierosolymis
750 2476 780 2536 ⁶,
806 2476 870 2522 ita
884 2477 898 2499 ⁶
916 2484 1084 2539 quarta
1106 2485 1153 2521 et
1168 2484 1297 2521 sexta
1318 2474 1432 2521 feria
1455 2473 1697 2522 adoratur.
1723 2478 1820 2523 Hu-

394 2552 474 2614 jus
492 2552 730 2615 reliquias,
748 2562 795 2599 et
809 2551 996 2613 meritc,
1012 2560 1059 2599 et
1077 2550 1171 2598 fide
1185 2551 1372 2598 Helenae
1390 2551 1731 2616 comparanda,
1749 2569 1818 2600 re-

457 2786 512 2832 (1)
534 2786 622 2823 Act.
648 2797 704 2831 ιν,
733 2787 797 2823 34.
827 2806 880 2813 -
899 2785 952 2833 (2)
970 2786 1044 2823 An.
1074 2785 1137 2822 36.
1173 2805 1225 2811 —
1254 2785 1309 2836 (3)
1336 2786 1411 2822 An.
1440 2786 1504 2823 48.
1524 2806 1577 2813 —
1600 2786 1655 2833 (4)
1680 2783 1817 2824 Christi

400 2860 464 2885 an.
490 2848 582 2894 326,
606 2849 628 2885 3
647 2847 749 2886 maii,
768 2850 853 2896 (R.)
871 2870 924 2877 —
941 2849 996 2896 (ὃ)
1013 2845 1121 2886 Colb.
1144 2859 1200 2893 a.,
1220 2849 1485 2894 Hierosolymis
1499 2848 1587 2885 sita.
1605 2849 1683 2894 (R.)

1987 2991 2002 3026 ’,ιι
1987 2946 2002 2973 ὅ..
1986 2399 2002 2932 .‹vinv2‹.ffla.m.nfflm.an-..u.m
1996 2305 2002 2389 ...μ-.-
1996 2244 2002 2293 um*
1999 2230 2002 2235 .
2000 2197 2002 2199 .
1999 2166 2002 2177 ..
2000 2086 2002 2091 .
1999 2022 2002 2026 .
1999 1947 2002 1949 .
