2002 3418
383 329 458 366 368
681 329 747 365 DE
777 326 1045 365 MIRACULIS
1076 294 1247 365 SANCTi
1278 328 1488 365 JULIANI.

384 414 628 463 Referebat
648 425 806 463 autem
826 416 942 463 mihi
963 416 1034 462 vir
1050 414 1218 477 fidelis,
1239 415 1322 479 qui
1336 425 1451 464 tunc
1469 417 1654 464 eminus
1674 426 1792 465 asta-

382 492 487 554 bat,
527 509 638 540 cum
675 510 764 543 nos
801 492 1048 540 basilicam
1084 509 1246 539 sumus
1281 492 1499 556 ingressi,
1538 493 1707 541 vidisse
1743 511 1792 542 se

381 570 584 634 pharum
607 571 825 618 immensi
848 571 1042 618 luminis
1064 588 1090 618 e
1123 570 1244 618 coelo
1269 569 1511 635 delapsam
1528 588 1670 636 super
1685 571 1795 620 bea-

383 655 480 693 tam
516 646 760 695 basilicam
792 647 1087 695 descendisse
1103 685 1115 708 ,
1163 656 1209 694 et
1243 646 1466 712 deinceps
1498 648 1633 712 quasi
1667 648 1795 695 intro

383 723 589 786 ingressa
611 724 786 772 fuisset.
817 727 939 772 Cum
964 725 1093 772 enim
1123 723 1261 771 nobis
1283 724 1383 771 haec
1410 724 1460 771 in
1490 725 1746 771 crastinum
1768 741 1797 773 a

384 799 603 849 fidelibus
618 802 765 850 relata
782 802 992 863 fuissent,
1015 802 1296 866 conjicimus
1311 818 1418 849 eam
1438 817 1467 849 a
1486 802 1656 849 virtute
1670 801 1797 850 beati

384 883 602 946 martyris
621 883 915 947 processisse.
939 884 1176 948 Depositis
1193 900 1305 947 ergo
1325 900 1466 948 super
1483 883 1628 931 altare
1646 899 1799 931 sacro-

383 960 557 1006 sanctis
581 961 814 1023 reliquiis,
840 960 1030 1023 vigilata
1048 970 1206 1022 nocte,
1229 978 1339 1008 cum
1362 960 1530 1024 grandi
1550 961 1797 1025 psallentio

385 1035 447 1082 ad
472 1036 761 1084 antedictam
794 1036 1127 1084 deferebantur
1146 1037 1406 1085 basilicam.
1443 1041 1500 1084 Et
1532 1054 1641 1085 ecce
1675 1055 1799 1084 unus

385 1128 443 1159 ex
465 1114 823 1177 energumenis,
860 1113 1080 1162 manibus
1109 1114 1160 1161 in
1191 1130 1241 1161 se
1271 1115 1469 1174 collisis,
1505 1130 1589 1162 ore
1613 1115 1794 1180 patulo,

385 1201 581 1239 cruenta
597 1192 852 1257 projiciens
870 1201 1023 1257 sputa,
1044 1191 1202 1240 aiebat
1220 1210 1232 1239 :
1255 1211 1278 1236 «
1295 1191 1487 1256 Ut·quid
1498 1201 1562 1254 te,
1580 1192 1795 1253 Martine,

386 1268 574 1316 Juliano
586 1269 808 1334 junxisti?
829 1269 958 1327 Quid
977 1286 1088 1317 eum
1105 1270 1156 1317 in
1173 1269 1249 1316 his
1267 1285 1500 1334 provocas
1520 1267 1665 1316 locis?
1681 1268 1802 1316 Sati-s

388 1345 528 1394 nobis
550 1357 651 1399 erat
672 1348 921 1413 praesentia
952 1358 1034 1395 tua
1067 1347 1354 1413 supplicium
1367 1385 1380 1409 ,
1411 1346 1614 1394 similem
1642 1346 1712 1392 tui
1739 1344 1801 1392 ad

388 1425 606 1488 augenda
634 1435 872 1484 tormenta
902 1426 1097 1475 vocasti.
1127 1427 1224 1472 Cur
1254 1425 1355 1472 haec
1387 1425 1513 1488 agis?
1541 1439 1687 1488 quare
1711 1438 1801 1470 nos

389 1518 500 1550 cum
526 1504 714 1551 Juliano
741 1505 807 1551 sic
826 1505 1033 1552 crucias?
1052 1524 1076 1549 >2
1097 1506 1207 1551 Haec
1233 1513 1280 1550 et
1310 1502 1402 1551 alia
1432 1502 1605 1549 misero
1635 1500 1801 1548 decla-

389 1591 578 1644 mante,
622 1582 816 1647 expletis
852 1582 1103 1630 missarum
1145 1579 1520 1630 solemnitatibus
1535 1617 1548 1641 ,
1595 1578 1713 1626 dum
1752 1594 1802 1625 se

390 1669 499 1706 ante
537 1669 753 1706 sanctum
792 1660 937 1707 altare
977 1659 1236 1707 diutissime
1273 1658 1454 1705 collidit
1472 1695 1484 1719 ,
1538 1656 1802 1722 profluente

390 1738 519 1786 sanie
541 1754 597 1784 ex
618 1754 699 1784 ore
718 1738 839 1801 ejus,
861 1737 922 1785 ab
942 1737 1238 1785 infestatione
1257 1736 1427 1783 furoris
1447 1733 1671 1782 diabolici
1687 1732 1804 1780 libe-

391 1824 519 1862 ratus
540 1823 624 1860 est.

933 1913 1088 1948 CAPUT
1111 1913 1262 1949 XXXV.

798 2012 906 2057 Quod
924 2013 1047 2048 vinum
1069 2025 1109 2048 ea
1123 2020 1226 2047 nocte
1242 2011 1401 2048 creverit.

458 2116 552 2165 Sed
568 2134 656 2164 nec
673 2117 768 2166 hoc
785 2117 919 2165 silere
938 2127 1055 2183 puto
1071 2116 1188 2182 quid
1200 2117 1250 2162 in
1266 2125 1406 2162 nocte
1419 2115 1514 2177 illa,
1529 2115 1805 2180 priusquam

393 2206 565 2243 sanctae
586 2197 793 2261 reliquiae
818 2195 999 2244 ibidem
1021 2195 1384 2255 collocarentur,
1409 2193 1467 2240 sit
1485 2203 1683 2257 gestum.
1708 2193 1806 2239 Mo-

394 2275 576 2322 nachus
597 2275 743 2340 ipsius
766 2275 886 2336 loci,
914 2274 1030 2321 dum
1058 2273 1118 2320 de
1140 2272 1347 2320 adventu
1370 2270 1677 2342 solemnitatis
1697 2285 1807 2333 gau-

395 2350 527 2399 deret
570 2361 618 2399 et
664 2351 875 2415 singulos
913 2366 1129 2415 quosque
1173 2348 1235 2396 ad
1277 2347 1570 2395 cellariolum
1604 2345 1806 2394 basilicae

395 2431 775 2496 promptissimus
796 2430 1039 2491 invitaret,
1065 2429 1262 2475 hortans
1285 2436 1340 2473 ut
1361 2442 1527 2473 omnes
1544 2426 1594 2473 in
1612 2424 1807 2472 basilica

395 2506 595 2556 fideliter
629 2509 898 2572 vigilarent,
936 2515 1144 2555 extracto
1177 2521 1206 2552 a
1241 2519 1350 2551 vase
1386 2504 1524 2562 vino,
1562 2501 1706 2567 coepit
1740 2501 1807 2548 eis

396 2600 538 2633 causa
554 2586 822 2634 devotionis
838 2602 949 2633 cum
971 2583 1143 2647 gaudio
1160 2582 1433 2647 propinare,
1452 2580 1643 2628 dicens:
1670 2599 1694 2626 «
1715 2580 1807 2626 Ma-

397 2678 543 2724 gnum
575 2662 715 2710 nobis
746 2662 1064 2728 patrocinium
1088 2661 1137 2707 in
1162 2659 1358 2707 beatum
1380 2668 1635 2724 martyrem
1659 2657 1807 2722 pietas

396 2739 557 2787 divina
588 2740 799 2804 largitur.
836 2739 1020 2787 Idcirco
1054 2733 1170 2803 rogo
1209 2737 1486 2785 charitatem
1519 2745 1724 2783 vestram
1751 2742 1805 2780 ut

397 2818 683 2864 unanimiter
718 2817 913 2880 vigiletis
951 2832 1163 2875 mecum3
1199 2831 1302 2862 cras
1339 2814 1467 2861 enim
1502 2822 1681 2869 sanctae,
1705 2810 1804 2874 ejus
