2002 3418
382 372 457 412 338
685 370 750 406 DE
777 369 1045 406 MfflACULls
1075 369 1244 406 SANCTI
1271 369 1479 405 JULIANI.

380 459 575 521 quiunt,
607 458 656 504 in
690 466 821 505 tanta
845 456 1150 504 diuturnitate
1188 455 1496 522 deprimeris?
1531 474 1629 504 non
1657 458 1784 505 enim

378 536 465 584 tibi
487 546 586 584 tam
614 536 785 600 longus
809 552 915 583 mos
945 545 1045 583 erat
1072 534 1242 583 orandi
1263 544 1345 582 aut
1367 534 1578 582 devotio.
1606 555 1629 578 ι)
1655 538 1786 582 Fere-

377 614 496 662 bant
526 624 683 662 autem
714 613 775 661 de
803 629 862 662 eo
902 612 1052 678 quod,
1089 611 1481 677 quandoquidem
1512 613 1561 659 in
1593 613 1787 661 ecclesia

376 693 536 740 fuisset
570 693 828 757 ingreSSUS‚
861 708 1117 758 parumper
1138 692 1507 738 immurmurans
1528 707 1616 738 nec
1637 691 1788 756 capite

375 770 620 832 inclinato,
648 768 1017 834 regrediebatur.
1063 772 1211 830 Tunc,
1236 767 1645 834 interpellantibus
1669 784 1788 833 pue-

373 847 437 894 ris
452 883 465 908 ‚
502 840 613 894 cum
650 862 932 911 responsum
971 845 1167 893 reddere
1214 862 1314 893 non
1355 846 1558 907 valeret,
1604 844 1789 892 ablatus

369 924 590 973 manibus
622 941 649 972 e
675 924 794 972 loco·
817 924 867 970 in
895 923 1065 971 cellam
1095 939 1199 987 quae
1228 933 1329 971 erat
1360 924 1576 988 proxima
1613 922 1787 970 lectulo

370 1001 646 1050 collocatur.
676 1001 838 1064 Igitur,
856 999 1173 1048 invalescente
1190 999 1337 1060 febre,
1358 1001 1622 1066 proclamat
1640 1016 1688 1046 se
1707 999 1789 1046 mi-

369 1093 444 1124 ser
475 1077 677 1125 incendi.
702 1092 788 1142 per.
819 1085 1109 1140 martyrem.;
1142 1086 1206 1135 et,
1244 1077 1376 1140 quod
1398 1078 1563 1142 primo
1578 1077 1784 1138 siluerat,

369 1153 573 1201 admotis
613 1154 782 1202 animae
821 1152 996 1216 judicii*
1028 1152 1210 1202 facibus
1231 1191 1244 1214 ‚
1298 1154 1498 1202 crimina
1536 1153 1788 1202 confitetur

366 1230 626 1294 jactarique
653 1246 796 1296 super
821 1246 871 1278 se
889 1246 1088 1294 aquam,
1126 1246 1245 1278 voce
1266 1246 1362 1295 qua
1378 1239 1588 1295 poterat,
1624 1230 1788 1295 depre-

369 1308 582 1358 cabatur.
620 1309 797 1357 Delatis
829 1324 1022 1373 quoque
1055 1325 1166 1356 cum
1199 1308 1392 1356 vasculo
1423 1306 1630 1373 lymphis
1661 1318 1708 1356 et
1737 1309 1788 1356 in

368 1402 481 1435 eum
518 1402 641 1451 saepe
679 1385 899 1452 dejectis,
949 1395 1180 1449 tanquam
1216 1385 1277 1432 de
1309 1385 1502 1434 fornace
1536 1385 1601 1443 ita
1634 1385 1789 1433 fumus

368 1462 698 1526 egrediebatur
718 1479 747 1511 e
764 1479 982 1528 corpore.
1011 1466 1196 1511 Interea
1211 1463 1370 1511 miseri
1389 1472 1536 1524 anm,
1551 1478 1641 1510 ceu
1660 1478 1789 1510 com-

313 1536 317 1539 ’
367 1540 495 1590 busti
509 1578 523 1603 ,
559 1542 609 1590 in
627 1541 927 1606 nigredinem
950 1550 1318 1602 convertuntur,
1351 1539 1478 1587 unde
1502 1549 1659 1588 tantus
1675 1555 1788 1605 pro-

368 1619 570 1668 cedebat
589 1619 711 1669 fetor
731 1629 785 1669 ut
804 1619 961 1668 vinde
985 1618 1247 1667 astantibus
1270 1627 1466 1683 possent
1497 1617 1642 1680 aliqui
1675 1617 1790 1664 tole-

369 1712 490 1744 rare.
542 1699 754 1746 Innuens
791 1695 931 1745 enim2
960 1694 1135 1743 dehinc
1179 1711 1327 1742 manu
1377 1693 1556 1740 indicat
1595 1710 1645 1741 se
1689 1709 1789 1741 esse

369 1773 599 1823 leviorem
606 1792 628 1835 ἦ
647 1789 777 1835 mox,
795 1773 885 1819 illis
900 1771 1250 1834 recedentibus,
1268 1770 1348 1818 hic
1365 1770 1583 1836 spiritum
1599 1769 1788 1818 exhala-

368 1851 452 1898 vit.
489 1853 560 1898 De
588 1866 688 1915 quo
719 1848 852 1898 haud
882 1848 1087 1897 dubium
1124 1859 1194 1898 est
1220 1848 1411 1913 qualem
1426 1847 1523 1896 illic
1541 1856 1700 1896 teneat
1715 1847 1787 1895 lo-

367 1944 479 1977 cum
501 1929 584 1994 qui
599 1929 715 1976 hinc
731 1944 844 1977 cum
860 1927 943 1976 tali
960 1926 1171 1976 discessit
1179 1926 1397 1991 judicio.-

914 2044 1071 2081 CAPUT
1094 2043 1237 2080 XVIII.

616 2121 668 2154 De
685 2131 729 2154 co
743 2119 806 2166 qui
821 2119 997 2155 caballum
1012 2119 1051 2154 in
1066 2119 1184 2167 vigilia
1201 2118 1311 2154 sancti
1327 2118 1460 2154 furatus
1475 2126 1538 2154 est.

433 2192 562 2240 Alius
585 2203 745 2240 autem
766 2209 852 2258 per
866 2192 1074 2257 vigiliam
1088 2192 1345 2240 festivitatis
1367 2207 1546 2255 equum
1567 2189 1781 2254 alicujus,

366 2271 450 2335 qui
470 2280 586 2318 tunc
605 2270 726 2318 forte
747 2270 810 2319 ad
833 2269 1052 2318 eamdem
1072 2270 1419 2318 solemnitatem
1431 2277 1642 2329 venerat,
1658 2267 1784 2314 furto

367 2349 749 2413 comprehendit,
774 2364 1064 2411 ascensoque
1085 2348 1309 2396 velociter
1327 2355 1582 2412 properat:
1609 2341 1785 2392 scilicet

303 2418 306 2419 ⁷
366 2435 419 2472 ut
453 2428 536 2491 qui
569 2427 733 2475 lumen
764 2427 1037 2492 perdiderat
1069 2427 1274 2474 veritatis
1305 2442 1406 2473 non
1437 2425 1730 2473 inveniretur
1754 2439 1784 2471 a
1824 2484 1827 2486 ,

361 2502 492 2564 luce,
530 2514 578 2551 et
610 2505 745 2568 cujus
774 2514 940 2570 pectus
970 2503 1239 2568 cupiditatis
1269 2503 1475 2550 tenebrae
1497 2501 1784 2550 obsederant

361 2577 463 2640 ejus
485 2588 532 2625 et
554 2578 775 2626 furtivam
797 2577 1163 2626 fraudulentiam
1182 2594 1278 2624 nox
1302 2578 1491 2625 celaret.
1517 2580 1588 2626 De
1610 2575 1783 2625 talibus

359 2654 489 2701 enim
514 2657 749 2704 Dominus
770 2655 960 2703 dicebat
990 2655 1041 2702 in
1065 2656 1339 2720 evangelio:
1366 2657 1533 2703 Omnis
1553 2655 1641 2720 qai
1655 2652 1782 2700 male

359 2733 475 2798 agit,
491 2732 591 2780 odit
605 2733 758 2782 lucem
771 2737 799 2782 ¹.
817 2733 1088 2783 Albescente
1098 2733 1240 2797 igitur
1251 2734 1391 2796 coelo,
1408 2731 1625 2781 dicebat:
1645 2750 1667 2776 ‹
1677 2733 1782 2779 Jam

411 2869 474 2922 (1)
498 2873 611 2910 Joan.
635 2886 696 2918 m,
718 2873 784 2911 20.
