2002 3418
654 352 715 388 ET
742 350 1118 388 OBSERVATIONS.
1514 351 1589 387 ¹209

186 431 396 478 ‹laetinatur
425 452 503 490 quo
522 438 627 490 cupit
645 436 718 475 nisi
741 445 806 475 tua
831 450 902 489 pro
925 449 973 475 eo
988 435 1146 475 dextera
1169 437 1282 476 suerit
1298 438 1489 477 dimicata.
1516 441 1587 484 Tu,

186 503 367 551 Domine,
397 502 463 554 qui
495 502 613 541 filium
637 502 793 541 unicum
822 501 938 540 vidue
965 500 1131 540 lacrimis
1161 501 1357 541 miseratus
1384 512 1422 541 et
1450 503 1590 541 feretro

130 589 133 595 ·
179 569 352 622 portanti
380 577 445 609 tua
469 567 724 607 misericordia
747 576 786 606 et
807 567 915 616 iussu
940 565 1140 606 redonavit
1161 567 1389 606 incolumem
1414 577 1452 606 et
1468 581 1587 615 nunc,

185 633 363 680 Domine,
388 634 577 686 respicere
592 632 686 682 jube
701 633 877 671 ancillam
905 640 1009 670 tuam
1033 640 1075 669 ut
1096 631 1197 670 beati
1214 632 1399 671 Clementi
1416 635 1591 685 martyris

186 697 242 736 tui
264 698 452 750 suffragiis
474 697 653 747 adjuvata
677 697 860 750 inpertiar
888 696 929 737 in
947 697 1121 749 sequenti
1137 697 1244 749 quod
1259 698 1372 737 enixe
1389 708 1490 750 peto.
1510 715 1528 736 ι
1544 703 1591 739 Et

185 763 277 802 dum
295 763 368 802 hec
385 771 424 801 et
439 763 514 802 alia
533 763 690 810 diceret,
710 770 837 800 erecta
855 775 1020 807 sursum,
1038 761 1266 814 genibus....

237 831 329 881 Pag.
350 830 449 876 102,
474 829 540 880 lig.
562 829 635 875 12,
659 827 700 865 in
725 827 825 865 ulnis
850 835 889 865 et
914 826 1067 865 laudem
1087 827 1230 880 pariter
1252 842 1386 868 omnes
1403 829 1590 870 dederunt

186 897 268 933 Deo
289 893 356 946 qui
372 893 498 932 salvos
513 892 603 931 facit
620 900 815 944 sperantes
830 891 871 930 in
889 905 945 930 se.
967 891 1104 931 Mulier
1121 901 1249 932 autem
1267 907 1336 945 pre
1353 893 1494 946 gaudio
1510 907 1590 933 non

185 959 327 998 ducens
351 957 477 997 cordis
504 956 563 995 sui
584 956 761 995 ardorem
785 964 1052 1007 commotaque
1077 957 1226 995 viscera
1248 957 1329 1005 ejus
1353 969 1470 1008 super
1484 969 1588 1005 eum,

184 1022 282 1061 sicut
296 1008 397 1074 aque
412 1021 531 1060 multe
547 1019 774 1072 cooperiunt
791 1031 915 1068 mare,
941 1019 996 1058 ita
1015 1019 1179 1059 lacrimis
1192 1019 1381 1072 inrigabat
1397 1028 1435 1059 et
1454 1019 1591 1060 obscu-

182 1086 286 1126 labat
300 1086 368 1125 ubi
386 1099 456 1138 per
472 1094 592 1124 totum
612 1097 755 1123 annum
774 1084 906 1123 fuisset
924 1084 1058 1137 spatia.
1077 1086 1126 1123 At
1144 1085 1208 1123 ille
1224 1084 1438 1123 nescirem.

234 1152 318 1204 Lig.
340 1154 406 1200 15,
426 1164 563 1204 sopore
581 1151 694 1189 unius
711 1150 834 1188 noctis
852 1149 1028 1201 spatium.
1044 1152 1151 1189 Tunc
1166 1151 1304 1190 iterum
1322 1159 1437 1203 atque
1451 1151 1589 1190 iterum

183 1228 315 1254 omnes
330 1215 462 1268 populi
474 1215 540 1267 qui
556 1215 754 1254 audierant
767 1214 1046 1254 benedixemt
1059 1215 1257 1255 dominum
1270 1225 1443 1255 nostrum
1458 1219 1481 1255 J
1482 1229 1589 1255 esum

183 1279 373 1320 Christum
397 1281 464 1332 qni
491 1289 595 1319 tanta
619 1279 806 1319 mirabilia
827 1281 992 1319 ostendit
1013 1282 1133 1320 servis
1149 1283 1227 1321 suis
1244 1295 1315 1334 per
1331 1281 1486 1321 beatum
1504 1283 1588 1322 Cle-

184 1352 350 1383 mentem
376 1353 581 1396 martyrem
610 1353 725 1396 atque
747 1345 966 1396 pontificem
997 1344 1110 1394 hujus
1135 1347 1236 1385 alme
1260 1349 1404 1395 Rome,
1442 1348 1506 1387 cui
1530 1355 1589 1386 est

183 1407 308 1447 honor
324 1416 363 1447 et
378 1409 498 1461 gloria
517 1417 683 1460 potestas
700 1418 738 1448 et
753 1410 956 1463 imperium
973 1411 1014 1449 in
1031 1412 1159 1451 secula
1173 1412 1401 1451 semlorum.
1421 1414 1559 1452 Amen.

234 1477 332 1513 Item
348 1475 424 1513 alio
438 1475 635 1515 miraculo.

235 1542 386 1580 Fmtres
410 1542 486 1581 mei
508 1541 709 1589 karissimi,
731 1542 821 1580 volo
838 1542 949 1581 vobis
971 1552 1010 1581 et
1025 1543 1129 1582 aliud
1146 1543 1371 1582 miraculum
1387 1543 1489 1582 beati
1503 1544 1587 1583 Cle—

183 1605 302 1645 menti
331 1607 508 1658 martyris
536 1616 652 1659 atque
678 1608 866 1660 pontificis
884 1621 1062 1648 enarrare
1079 1609 1184 1661 quod
1200 1622 1279 1648 non
1297 1609 1455 1648 dubium
1472 1609 1589 1648 credo

182 1670 324 1711 habere
339 1680 505 1711 vestram
521 1674 794 1713 strenuitatem.
813 1675 915 1713 Fons
930 1683 1078 1714 erasm.
1239 1713 1243 1716 .

231 1737 352 1790 (hap.
366 1751 526 1785 mvn,
548 1738 614 1790 lig.
635 1741 676 1786 1,
700 1738 800 1776 infra
829 1738 1033 1777 terminum
1050 1737 1157 1777 urbis
1172 1739 1377 1778 Leovicine
1405 1738 1583 1788 civitatis,

181 1815 268 1853 quae
283 1816 363 1841 non
376 1803 489 1855 longe
504 1802 611 1842 abest
626 1816 650 1842 a
666 1816 828 1855 corpore
842 1802 1134 1844 batinartini:
1154 1805 1263 1853 cujus
1279 1805 1450 1845 unda....

234 1870 324 1919 Pag.
338 1870 431 1915 104,
449 1869 515 1920 lig.
529 1870 596 1916 29,
613 1869 788 1921 dignatus
801 1878 859 1908 est
870 1870 1038 1909 Christus
1052 1874 1156 1910 Deus
1169 1880 1300 1910 noster
1312 1871 1374 1910 cui
1389 1880 1446 1910 est
1461 1871 1586 1910 honor

182 1939 220 1970 et
235 1932 356 1984 glon‘a
370 1933 411 1970 in
429 1933 555 1971 secula
573 1934 802 1973 seculorum.
822 1937 960 1973 Amen.

233 1997 396 2049 Explicit
411 1998 537 2050 passio
555 1998 615 2037 vel
637 1999 820 2039 miracula
836 2000 1191 2042 sanctinementis.

670 2149 773 2184 Pion
800 2149 898 2196 159,
924 2159 1025 2186 non
1052 2150 1092 2186 1.

232 2281 464 2330 Longtemps
484 2280 595 2332 apres
613 2281 722 2319 avoir
741 2281 835 2320 ecrit
847 2309 858 2328 ‚
884 2295 950 2320 sur
966 2282 1066 2320 saint
1080 2282 1277 2322 Timothee
1294 2292 1334 2323 et
1349 2283 1448 2322 saint
1462 2285 1583 2336 Apol-

181 2344 338 2392 linaire‚
355 2345 395 2383 la
410 2354 502 2384 note
526 2359 601 2398 que
623 2359 721 2386 nous
743 2360 863 2386 avons
886 2348 1105 2399 reproduite
1129 2349 1336 2396 ci-dessus,
1362 2363 1459 2402 page
1481 2352 1580 2398 159,

181 2409 272 2448 dom
286 2410 445 2448 Ruinart
463 2421 569 2462 recut
586 2425 636 2451 au
657 2412 755 2461 sujet
772 2414 839 2452 ἀῶ
856 2422 1019 2464 mai-tyrs
1035 2414 1084 2452 de
1098 2415 1226 2453 Reims
1236 2416 1275 2454 la
1285 2416 1395 2454 lettre
1410 2416 1583 2454 suivante

181 2475 248 2526 qui
273 2489 314 2514 se
337 2484 471 2515 trouve
493 2478 587 2517 dans
603 2480 640 2518 le
658 2481 799 2519 second
815 2481 970 2519 volume
991 2481 1039 2519 de
1056 2494 1098 2519 sa
1115 2483 1455 2535 correspondance.
1479 2482 1577 2532 (Bib.

182 2540 293 2591 imp„
313 2540 427 2580 resid.
445 2543 720 2593 Saint-Germ.‚
739 2554 784 2584 n·
802 2548 920 2593 1256,
940 2546 971 2583 f⁰
987 2545 1095 2599 203.)

239 2665 258 2682 ι
275 2650 367 2687 Mon
384 2650 570 2691 reverend
590 2654 704 2705 pere,
724 2654 794 2693 l'os
811 2655 926 2707 perce
948 2655 1038 2693 d'un
1057 2655 1145 2694 clou
1162 2668 1237 2707 que
1256 2670 1351 2695 vous
1367 2669 1459 2696 avez
1480 2658 1533 2696 νύ
1556 2661 1578 2697 a

182 2713 325 2761 Reims,
345 2727 371 2764 y
386 2727 410 2752 a
425 2718 503 2755 cete
517 2720 652 2757 trouve
670 2733 718 2758 en
738 2722 857 2767 1692,
882 2721 1037 2772 lorsque
1054 2714 1198 2769 j'oetois
1214 2723 1305 2761 cure
1324 2723 1373 2761 de
1391 2723 1577 2761 Saint-Ti-

183 2779 347 2826 mothee‚
364 2780 458 2820 dans
474 2795 527 2820 un
543 2782 728 2824 batiment
745 2786 838 2824 d’un
855 2786 903 2824 de
921 2799 1000 2825 mes
1018 2787 1244 2838 paroissiens
1261 2790 1404 2840 proche
1418 2803 1470 2828 un
1486 2790 1578 2841 petit

182 2843 373 2883 cimetiere
388 2847 453 2897 qui
471 2860 653 2888 conserve
668 2864 806 2890 encore
821 2851 1061 2900 aujourd'hui
1078 2853 1114 2890 le
1131 2867 1220 2891 nom
1238 2855 1286 2892 de
1304 2855 1494 2892 cimetiere
1512 2854 1577 2891 des
