2002 3418
334 350 412 389 231.
736 351 804 388 DE
830 351 1017 389 GLORIA
1044 351 1340 389 MARTYRUM.

332 455 433 506 quo
457 440 634 488 scilicet
657 440 707 487 in
734 440 858 488 viam
881 440 1193 504 longinquam
1224 438 1389 487 abiens
1416 439 1498 487 tali
1528 440 1744 505 praesidio

333 527 579 567 tutaretur.
598 520 731 566 Tunc
749 518 957 566 inclusos
975 519 1024 566 in
1043 519 1211 584 lupino
1227 533 1372 566 aureo
1389 533 1549 566 sacros
1565 519 1746 567 cineres

333 598 459 646 circa
476 614 587 646 eum
605 597 792 662 posuit:
809 597 892 645 sed
912 598 1103 661 ignarus
1119 597 1192 644 vir
1209 597 1461 644 nominum
1473 595 1741 659 beatorum,

330 674 503 724 referre
531 684 632 723 erat
659 674 823 722 solitus
843 690 892 722 se
915 691 944 722 a
969 675 1128 722 multis
1151 684 1267 722 tunc
1291 683 1479 721 erutum
1498 674 1743 740 periculis;

331 768 445 801 nam
476 762 524 799 et
558 752 806 800 violentias
838 752 1103 813 latronum,
1141 761 1189 799 et
1218 752 1427 817 pericula
1465 752 1743 813 fluminum,

329 829 657 896 improbitates
687 829 1043 891 seditiosorum,
1078 839 1126 876 et
1155 829 1353 877 assultus
1389 831 1638 877 sensuum¹
1663 845 1746 877 sae-

330 909 437 974 pius
481 924 531 955 se
568 907 767 954 evasisse
807 906 982 954 horum
1024 905 1275 954 virtutibus
1307 907 1581 955 testabatur.
1619 906 1746 964 Quid

330 996 490 1034 tamen
528 1001 616 1048 ego
643 983 703 1031 de
727 984 803 1031 his
824 983 1026 1031 viderim
1050 1001 1150 1031 non
1182 983 1349 1032 silebo.
1390 987 1500 1033 Post
1524 984 1747 1048 genitoris

330 1065 425 1110 mei
442 1062 647 1123 obitum,
667 1070 817 1109 mater
833 1077 941 1109 mea
953 1061 1056 1109 haec
1070 1062 1274 1126 pignora
1292 1078 1435 1127 super
1451 1079 1500 1111 se
1517 1061 1741 1112 habebat.

331 1140 476 1203 Igitur
503 1148 715 1202 segetum
736 1137 994 1186 advenerat
1010 1138 1175 1199 sectio,
1199 1147 1247 1185 et
1268 1139 1538 1202 congregati
1558 1140 1610 1186 in
1628 1139 1748 1187 areis

330 1216 520 1281 frugum
542 1216 698 1265 acervi
726 1215 913 1264 fuerant
938 1216 1117 1279 magni.
1149 1218 1204 1263 ln
1237 1215 1328 1264 illis
1359 1225 1520 1264 autem
1550 1216 1744 1277 diebus,

330 1311 442 1343 cum
460 1295 561 1359 jam
578 1295 761 1343 semina
778 1294 1126 1355 triturarentur,
1151 1303 1199 1341 et
1218 1294 1340 1341 sicut
1362 1296 1567 1342 Lemane
1578 1295 1593 1318 ²
1612 1294 1751 1341 vesti-

331 1384 435 1422 tum
466 1373 703 1438 segetibus
743 1373 928 1421 nudum
959 1372 1165 1421 habetur
1187 1388 1216 1421 a
1237 1372 1365 1421 silvis
1379 1409 1393 1434 ,
1430 1371 1749 1420 intercedente

330 1453 438 1516 gelu
451 1489 464 1513 ‚
494 1470 607 1501 cum
628 1469 728 1499 non
746 1462 866 1499 esset
886 1451 1015 1500 unde
1033 1451 1155 1515 ignis
1171 1450 1526 1511 accenderetur,
1548 1450 1611 1499 ab
1638 1451 1750 1516 ipsis

329 1530 632 1595 paleisvfoc'os
650 1530 741 1578 sibi
760 1529 1078 1577 adhibuerant
1098 1544 1388 1576 excussores,
1415 1530 1598 1576 Interea
1622 1544 1750 1576 rece·-

329 1606 452 1655 dunt
470 1624 637 1655 omnes
655 1607 717 1655 ad
738 1606 1025 1671 capiendum
1047 1605 1226 1653 cibum.
1250 1608 1307 1653 Et
1322 1621 1433 1653 ecce
1453 1606 1577 1653 inter
1596 1606 1749 1653 incre·

330 1695 490 1733 menta
514 1701 600 1733 sua
620 1684 762 1749 coepit
779 1699 865 1749 per
884 1684 1044 1748 paleas
1063 1683 1293 1748 paulatim
1311 1683 1431 1746 ignis
1452 1683 1625 1748 spargi.
1654 1685 1749 1731 Nec

330 1777 483 1823 mora,
510 1762 654 1810 flante
677 1766 802 1810 Noto
816 1798 829 1823 ,
856 1761 1013 1809 acervi
1034 1760 1097 1808 ab
1114 1761 1221 1824 igne
1241 1759 1713 1825 comprehenduntur
1733 1778 1743 1806 ε

332 1840 385 1888 fit
407 1856 635 1903 magnum
658 1838 934 1887 incendium
949 1875 964 1901 ,
997 1838 1260 1902 insequitur
1293 1838 1474 1886 clamor
1505 1838 1744 1899 virorum,

331 1919 644 1984 strepitusque
660 1918 933 1978 mulierum,
950 1916 1158 1964 ululatus
1178 1915 1448 1964 infantium.
1466 1917 1576 1962 Haec
1590 1924 1748 1962 autem

331 1995 594 2060 agebantur
614 1996 664 2043 in
690 2011 805 2059 agro
830 2003 1012 2042 nostro.
1044 1994 1190 2052 Quod
1210 1994 1416 2042 sentiens
1435 2002 1586 2040 mater
1613 2007 1720 2040 mea
1733 2029 1747 2053 ,

332 2091 436 2138 quae
458 2073 560 2121 haec
586 2073 790 2139 pignora
819 2072 944 2120 collo
977 2087 1186 2138 appensa
1220 2070 1430 2135 gestabat
1443 2107 1457 2132 ,
1491 2069 1659 2117 exsiliit
1690 2068 1750 2116 de

319 2151 573 2212 convivio,
604 2150 890 2214 elevatisque
908 2149 1051 2197 sacris
1079 2147 1360 2214 pignoribus
1384 2156 1551 2194 contra
1567 2147 1749 2210 ignium

334 2227 527 2292 globos,
566 2229 633 2276 ita
673 2244 818 2275 omne
848 2227 985 2275 cessit
1018 2226 1294 2274 incendium
1327 2225 1387 2272 de
1417 2233 1663 2271 momento
1696 2232 1750 2270 ut

333 2307 409 2353 vix
432 2307 555 2353 inter
578 2306 730 2354 moles
759 2315 1029 2353 exustarum
1055 2304 1299 2369 palearum
1323 2303 1399 2349 vel
1423 2301 1605 2349 semina
1630 2300 1751 2364 ignis

334 2384 675 2446 invenirentur,
703 2383 822 2430 nihil
837 2392 997 2430 tamen
1018 2381 1228 2444 frugibus
1244 2396 1361 2444 quas
1376 2377 1752 2444 apprehenderat

336 2477 530 2508 nocenS.
562 2464 674 2508 Post
695 2460 870 2507 multos
893 2475 1008 2506 vero
1031 2474 1184 2506 annos
1209 2456 1294 2503 has
1317 2456 1538 2520 reliquias
1565 2470 1594 2502 a
1621 2455 1751 2518 geni-

337 2537 450 2584 trice
471 2538 655 2602 suscepi
670 2555 682 2596 ;
699 2552 904 2600 cumque
923 2536 1011 2583 iter
1033 2534 1092 2582 de
1111 2533 1382 2596 Burgundia
1407 2532 1469 2580 ad
1492 2533 1751 2579 Arvernum

337 2629 581 2677 ageremus
596 2650 610 2676 ,
645 2615 796 2663 oritur
828 2621 996 2661 contra
1026 2628 1117 2659 nos
1144 2627 1318 2675 magna
1349 2619 1616 2676 tempestaS‚
1655 2624 1750 2656 coe·

392 2787 446 2834 (1)
463 2786 571 2826 Colb.
593 2789 634 2835 2,
654 2789 816 2824 assultus
834 2762 1011 2832 emaum}
1030 2797 1079 2824 an
1095 2784 1299 2836 legendum
1317 2788 1458 2821 ensium
1469 2785 1491 2821 Ρ
1508 2783 1586 2831 (R.)

391 2850 447 2897 (2)
464 2848 538 2887 Alii
555 2848 720 2895 codices,
740 2851 956 2895 Lemmane,
975 2846 1015 2886 id
1033 2855 1091 2886 ωε
1108 2846 1278 2885 Limania
1296 2844 1518 2885 Arvernia.
1539 2846 1618 2891 (R.)
