2002 3418
392 326 469 362 330
688 325 752 362 DE
784 325 1054 380 MIRAC-ULIS
1083 326 1256 364 SANCTI
1287 328 1497 384 JULIANI,

391 429 480 477 pus
497 412 813 476 Biturigensis,
835 413 1042 462 basilicae*
1058 415 1208 462 sancti
1224 417 1247 461 J
1252 416 1396 464 uliani
1419 417 1686 481 reliquerat,
1711 419 1807 471 suh

391 490 548 554 specie
585 489 882 539 obumbratae
916 493 1326 555 commutationis,
1364 493 1530 542 avidus
1565 498 1794 560 pervasit:

391 566 493 629 sed,
519 585 680 616 mense
705 570 845 617 tertio
864 580 1118 635 postquam
1139 587 1381 634 aggressus
1402 581 1488 633 est,
1513 584 1758 639 correptus
1773 591 1802 623 a

391 644 520 697 febre
543 655 589 692 et
608 646 708 694 sine
730 663 867 694 sensu
890 647 1112 710 effectus,
1139 647 1560 714 declinavitsscaput
1580 650 1643 698 ad
1660 651 1809 716 lectu·>

390 722 506 776 lum.
532 723 677 787 Cujus
697 740 835 786 uxor,
855 724 972 772 dum
994 725 1053 773 de
1071 725 1165 773 hoc
1184 726 1311 773 exitu
1329 736 1494 775 moesta
1514 726 1757 792 penderet,
1773 745 1802 777 a

391 800 603 864 quodam
634 801 879 849 sacerdote
912 803 1207 850 commonita
1236 813 1305 851 est
1341 814 1417 865 ut,
1446 821 1556 851 eum
1583 805 1622 851 si
1643 805 1802 854 videre

389 879 528 926 vellet
550 879 868 942 incolumem,
890 880 1093 928 auferret
1111 898 1140 929 a
1153 882 1280 929 villa.
1318 884 1372 929 At
1389 883 1468 931 illa
1488 883 1589 930 haec
1607 882 1804 932 audiens

390 957 660 1021 praeparatis
688 958 894 1005 carrucis
921 959 1283 1024 compositoque
1317 960 1545 1025 plaustro,
1570 977 1668 1025 quo
1693 977 1805 1010 eum

391 1034 634 1095 eveheret,
659 1051 773 1082 mox
797 1044 851 1082 ut
879 1035 1110 1100 praedium
1137 1047 1247 1085 sunt
1280 1038 1451 1101 egressi
1478 1038 1696 1103 protinus
1722 1037 1804 1085 di-

390 1110 501 1158 vina
531 1120 642 1159 sunt
660 1111 835 1176 pariter
855 1112 1004 1175 gratia
1023 1114 1275 1161 munerati.
1314 1116 1435 1162 Nam
1455 1115 1540 1163 iste
1561 1115 1806 1182 sospitate,

390 1187 471 1240 illa
482 1188 654 1235 meruit
669 1204 726 1235 ex
744 1188 886 1252 hujus
902 1189 1224 1238 incolumitate
1239 1190 1464 1238 laetitiam.
1475 1194 1651 1240 Ferunt
1663 1192 1807 1240 etiam

391 1265 442 1312 in
479 1266 742 1314 oratorium
790 1266 954 1331 praedii
996 1268 1121 1315 illius
1158 1277 1375 1316 sanctum
1407 1267 1648 1316 Julianum
1684 1285 1806 1316 mar·

392 1354 543 1408 tyrem
581 1361 693 1392 cum
719 1344 939 1393 Tetradio
971 1347 1196 1411 episcopo
1231 1346 1584 1409 colloquentem
1617 1346 1807 1408 cuidam

391 1421 610 1485 religioso
641 1421 898 1469 revelatum
931 1422 1071 1471 fuisse
1085 1461 1098 1485 ,
1131 1424 1487 1488 promittentem
1512 1440 1562 1471 se
1583 1423 1806 1488 episcopo

392 1500 569 1560 villam,
605 1516 751 1563 quam
772 1516 861 1564 pro
880 1501 1050 1549 animae
1076 1518 1171 1550 suae
1194 1501 1405 1549 remedio
1430 1501 1521 1549 sibi
1535 1499 1804 1565 reliquerat,

392 1587 711 1643 recepturum.
746 1577 840 1624 Sed
869 1588 916 1625 et
937 1577 1154 1626 habitum
1176 1578 1304 1626 beati
1326 1578 1540 1643 martyris
1562 1578 1611 1625 in
1637 1577 1806 1630 eodem

393 1654 541 1702 modo
565 1671 690 1716 esse,
724 1664 777 1702 ut
809 1656 1056 1719 quondam
1079 1657 1339 1721 paralytica
1362 1665 1664 1721 exposuerat,
1688 1654 1806 1704 refe-

393 1731 542 1780 rebat.

965 1827 1120 1863 CAPUT
1145 1827 1227 1863 XV.

911 1921 965 1955 De
979 1919 1129 1968 pastoris
1144 1919 1287 1954 malitia.

457 2017 624 2064 Pastor
653 2033 767 2064 vero
792 2016 988 2081 quidam
1003 2054 1016 2079 ,
1050 2033 1151 2064 non
1173 2017 1469 2079 strenuitate,
1504 2017 1587 2065 sed
1614 2018 1808 2079 nomine

393 2095 648 2156 Ingenuus,
668 2094 786 2142 dum
805 2095 854 2141 in
874 2095 1033 2142 multis
1053 2094 1196 2143 rebus
1213 2105 1380 2143 contra
1397 2094 1641 2143 basilicam
1659 2095 1809 2143 sancti

395 2174 612 2236 martyris
636 2172 806 2236 injuste
827 2181 1003 2236 ageret,
1019 2171 1186 2219 adhoc
1203 2172 1366 2220 levitas
1385 2173 1503 2236 ejus,
1524 2173 1718 2227 inimico
1739 2172 1810 2218 in-

395 2259 632 2312 grassante
646 2287 658 2311 ,
695 2250 938 2297 convaluit
964 2258 1017 2297 ut
1042 2249 1304 2297 colonicas¹
1329 2249 1531 2296 basilicae
1557 2249 1807 2314 concupis-

396 2343 524 2390 cens,
545 2345 650 2393 quae
670 2344 785 2392 agro
804 2328 905 2392 ejus
928 2337 1062 2375 erant
1080 2327 1323 2395 proximae,
1351 2327 1607 2392 pervadere
1628 2335 1729 2392 nor}
1749 2327 1808 2373 ti-

396 2416 561 2454 meret.
588 2406 654 2454 Ad
677 2423 820 2472 quem
837 2406 1057 2454 sacerdos
1077 2406 1190 2467 loci,
1209 2422 1319 2452 cum
1343 2405 1526 2468 aliquos
1547 2404 1608 2465 de
1629 2404 1808 2465 clericis

397 2484 531 2547 quasi
559 2485 738 2549 legatos
758 2486 978 2546 mitteret,
1002 2492 1073 2546 ut,
1095 2492 1287 2548 accepta
1308 2482 1507 2543 ratione,
1533 2481 1665 2547 quod
1685 2481 1808 2542 male

531 2614 583 2618 ---
587 2613 1327 2620 m————

449 2694 503 2746 (1)
529 2698 743 2746 colonicas,
765 2698 871 2735 2204
896 2704 934 2734 et
961 2697 1065 2734 2205
1080 2695 1267 2748 ,primitus
1294 2694 1510 2743 habebant,
1535 2693 1640 2746 quod
1670 2693 1808 2745 ineptae

399 2769 534 2795 manus
556 2757 595 2795 in
617 2761 780 2796 colonias
792 2786 804 2806 ,
824 2758 1081 2809 ezpunctione
1102 2758 1235 2797 litterae
1256 2773 1290 2805 c,
1310 2764 1569 2806 mutaverunt.
1588 2754 1808 2794 Ruina-tius

398 2827 527 2858 tamen
544 2823 707 2857 colonias
722 2819 891 2860 retinuit.
