2002 3418
369 371 445 408 2¹⁵0
772 373 837 410 DE
863 372 1048 413 GLORIA
1074 375 1369 415 MARTYRUM.

367 474 499 507 aram
521 459 776 545 accedens,
805 477 1053 525 nunquam
1084 478 1191 510 eam
1219 479 1389 511 manus
1411 464 1600 514 diaconi
1622 469 1775 540 potuit

367 535 581 599 assequi·
607 535 739 599 quod
762 552 861 583 non
889 537 981 584 alia
1002 537 1239 585 credimus
1260 548 1419 586 actum
1441 539 1500 587 de
1529 557 1670 590 causa
1686 543 1774 591 nisi

366 611 478 674 quia
498 612 707 678 pollutus
728 623 829 661 erat
849 615 896 660 in
926 615 1231 663 conscientia.
1259 616 1436 681 Saepius
1459 618 1588 665 enim
1612 618 1674 666 ab
1696 636 1776 667 eo-

365 688 476 736 dem
493 690 722 739 adulteria
740 691 1010 739 ferebantur
1030 692 1252 740 admissa.
1275 694 1368 740 Uni
1386 704 1571 742 tantum
1586 695 1776 760 presby-

364 775 466 814 tero
495 778 542 815 et
573 768 722 816 tribus
749 768 1050 831 mulieribus,
1081 785 1138 815 ex
1166 769 1339 834 quibus
1366 787 1462 818 una
1491 782 1641 819 mater
1669 789 1775 820 mea

364 854 485 907 erat,
523 846 625 893 haec
659 846 819 893 videre
848 847 1032 893 ‘licitum
1067 846 1152 893 fuit
1161 866 1175 906 ;
1214 848 1367 895 caeteri
1402 865 1501 896 non
1534 849 1771 897 viderunt.

365 921 577 983 Aderam,
604 923 769 981 fateor,
802 933 849 970 et
878 940 966 986 ego
996 934 1109 971 tunc
1139 925 1366 990 temporis
1383 925 1496 974 huic
1522 927 1770 989 festivitati,

365 997 447 1044 sed
470 999 571 1046 haec
594 999 754 1047 videre
779 1016 878 1047 non
901 1001 1069 1048 merui.

865 1146 1021 1182 CAPUT
1050 1147 1271 1185 LXXXVII.

445 1220 498 1254 De
515 1220 689 1268 Epachio,
707 1220 770 1267 qui
784 1229 864 1268 post
878 1229 1059 1269 sumptum
1073 1223 1289 1269 jentaculum
1306 1235 1411 1259 ausus
1425 1233 1475 1260 est
1490 1225 1664 1260 celebrare
1675 1226 1702 1262 ¹.

428 1307 504 1354 Sic
535 1310 592 1354 et*
607 1307 841 1372 Epachius
873 1307 1135 1373 presbyter,
1172 1308 1289 1357 dum
1315 1319 1491 1358 temere
1521 1327 1625 1375 quae
1654 1310 1776 1358 indi-

364 1401 484 1449 gnus
515 1394 613 1432 erat
637 1401 792 1448 agere,
826 1386 1213 1450 praesumpsisset,
1242 1386 1406 1434 divino
1434 1386 1633 1450 judicio,
1670 1387 1773 1434 solo

363 1463 600 1528 projectus
631 1461 871 1510 occubuit.
895 1463 982 1510 Hic
1010 1463 1155 1526 enim,
1190 1463 1306 1510 dum
1343 1464 1570 1511 dominici
1600 1464 1774 1511 Natalis

363 1540 543 1604 vigilias
581 1539 818 1588 celebrare
858 1540 1104 1588 ecclesiam
1140 1541 1390 1606 expetisset
1408 1577 1420 1601 ,
1469 1558 1557 1606 per
1592 1541 1773 1604 singula

361 1617 590 1664 horarum
616 1628 860 1666 momenta
879 1618 1206 1681 egrediebatur
1225 1618 1286 1665 de
1308 1618 1487 1683 templo
1507 1619 1594 1665 Dei
1608 1654 1621 1678 ,
1645 1634 1700 1666 ac
1722 1619 1771 1665 in

364 1695 510 1742 domo
548 1711 633 1743 sua
668 1696 840 1760 pocula
871 1696 1043 1743 lasciva
1075 1695 1403 1761 spumantibus
1437 1696 1611 1761 pateris
1642 1696 1771 1743 hau—

363 1771 535 1834 riebat,
560 1773 625 1820 ita
648 1782 701 1819 ut
717 1772 1007 1821 affirmarent
1027 1773 1162 1820 multi
1185 1789 1296 1820 eum
1318 1783 1427 1838 post
1447 1773 1555 1837 galli
1579 1782 1771 1820 cantum

362 1850 412 1896 in
446 1850 546 1915 ipsa
579 1859 718 1897 nocte
758 1849 929 1898 vidisse
964 1850 1226 1898 bibentem.
1265 1849 1375 1908 Sed,
1415 1866 1526 1897 cum
1562 1860 1681 1897 esset
1713 1867 1770 1897 ex

363 1944 532 1991 genere
567 1928 804 1976 senatorio
839 1938 886 1975 et
922 1928 1078 1975 nullus
1106 1928 1156 1973 in
1186 1927 1293 1974 vico
1329 1927 1411 1973 illo
1447 1927 1771 1990 Ricomagensi

362 2006 575 2071 superius
593 2015 855 2053 memorato
883 2005 1015 2069 juxta
1037 2004 1191 2052 saeculi
1220 2004 1496 2067 dignitatem
1516 2003 1772 2052 haberetur

362 2083 587 2146 nobilior,
615 2082 852 2131 celebrare
876 2082 1106 2130 solemnia
1131 2082 1379 2129 missarum
1400 2084 1646 2147 expetitur.
1677 2085 1771 2129 Nec

310 2168 313 2170 '
363 2161 549 2209 dubitat
576 2161 718 2209 miser
744 2161 858 2208 vino
881 2159 1171 2208 madefactus
1193 2169 1414 2224 appetere
1437 2159 1567 2223 quod
1581 2159 1771 2223 jejunus

362 2241 561 2305 quisque
590 2257 690 2287 non
719 2240 818 2287 sine
841 2249 971 2286 metu
993 2248 1147 2304 potest
1171 2247 1373 2285 terrente
1391 2237 1679 2284 conscientia
1696 2252 1771 2283 ex-

362 2320 553 2384 plicare.
576 2322 754 2367 Verum
772 2317 875 2379 ubi,
896 2317 1122 2382 explicitis
1142 2314 1298 2363 verbis
1324 2315 1466 2362 sacris
1480 2351 1493 2376 ‚
1526 2313 1769 2361 confracto

363 2398 576 2463 corporis
595 2397 821 2445 dominici
851 2404 1163 2455 sacramentO,
1187 2403 1234 2440 et
1256 2393 1354 2458 ipse
1381 2392 1581 2457 sumpsit
1601 2402 1648 2439 et
1670 2391 1771 2439 aliis

363 2474 600 2522 distribuit
625 2475 687 2522 ad
713 2472 970 2531 edendum,
997 2488 1127 2531 mox,
1155 2470 1316 2533 equini
1342 2470 1556 2516 hinnitus
1583 2469 1645 2516 ad
1671 2485 1771 2515 mo-

319 2546 321 2548 *
363 2552 480 2598 dum
503 2568 670 2598 vocem
689 2551 931 2608 emittens,
957 2548 1018 2595 ad
1037 2557 1211 2594 terram
1232 2547 1349 2604 ruit,
1375 2563 1430 2594 ac
1455 2562 1645 2611 spumas
1660 2562 1770 2592 cum

364 2630 463 2694 ipsa
486 2628 692 2693 mysterii
712 2627 831 2675 sacri
858 2625 1114 2691 particula,
1148 2640 1292 2688 quam
1323 2622 1546 2671 dentibus
1573 2622 1769 2670 commi—

415 2808 471 2856 (1)
495 2809 553 2843 De
567 2804 782 2855 presbytero
798 2808 864 2855 qui
884 2808 923 2842 in
939 2806 1068 2855 vigilia
1086 2805 1240 2840 Domini
1259 2801 1370 2848 bibit,
1391 2803 1511 2840 2205.
1533 2803 1593 2838 De
1608 2801 1766 2850 quodam

357 2867 562 2920 presbitero
578 2871 644 2917 qai
658 2876 742 2917 post
757 2875 890 2917 potum
902 2869 1035 2903 missas
1053 2863 1241 2902 celebrare
1261 2877 1332 2901 non
1351 2867 1491 2910 timuit,
1514 2863 1632 2901 2791.
1678 2912 1685 2918 .
