2002 3418
379 352 455 389 130
781 354 848 390 DF.
877 353 1065 392 GLORIA
1097 355 1393 393 MARTYRUM.

943 486 1099 521 CAPUT
1125 486 1238 523 XLV.

804 579 857 613 De
871 588 992 614 sancto
1008 580 1154 615 Victore
1175 588 1330 628 martyre
1344 581 1372 615 ⁴.

441 670 767 735 Magnificatur
807 673 950 721 etiam
988 673 1116 739 apud
1156 674 1582 724 Mediolanensium
1624 677 1794 728 urbem

378 749 554 811 Victor,
575 750 778 814 inclytus
796 753 1014 816 martyr²,
1041 752 1173 817 quod
1195 752 1362 817 saepius
1379 752 1564 800 vinctos
1585 753 1648 802 ab
1667 772 1796 820 erga-

375 826 505 874 stulis
539 827 763 876 dissolvat
805 830 1111 894 captivosque
1150 829 1327 877 liberos
1366 830 1498 878 abire
1533 842 1789 896 permittat.

373 904 534 966 Igitur,
550 905 763 968 quodam
775 916 1008 972 tempore,
1028 908 1306 972 Apollinaris
1317 908 1641 956 cumVictorio
1653 909 1798 958 duce‘

372 981 554 1028 ltaliam
573 983 732 1047 petiit,
759 999 903 1046 quem
926 993 978 1031 ut
999 985 1133 1031 aiunt
1154 985 1283 1050 apud
1308 985 1479 1033 urbem
1503 989 1703 1034 Romam
1725 988 1798 1036 in-

370 1058 635 1120 terfectum,
665 1060 984 1124 Apollinarem
1004 1061 1172 1109 incolae
1194 1062 1288 1109 loci
1311 1063 1446 1126 quasi
1468 1064 1708 1129 captivum
1731 1075 1797 1112 te-

372 1135 581 1199 nebant,
620 1137 830 1185 dicentes
857 1157 868 1185 z
899 1157 922 1184 «
946 1141 1053 1185 Non
1082 1138 1267 1186 videbis
1290 1140 1494 1204 patriam
1526 1150 1687 1204 tuam,
1712 1143 1796 1191 sed

370 1213 536 1277 dignas
559 1225 613 1263 ut
637 1216 820 1264 satelles
850 1226 961 1263 tuus
998 1233 1160 1282 poenas
1197 1217 1425 1264 exsolves.
1452 1237 1475 1261 J>
1503 1221 1614 1267 Haec
1636 1230 1796 1269 autem

370 1294 675 1358 comminati,
718 1296 950 1344 miserunt
986 1312 1099 1343 eum
1131 1297 1182 1343 in
1215 1296 1431 1344 exsilium
1466 1297 1596 1362 apud
1625 1298 1796 1346 urbem

366 1372 786 1422 Mediolanensem.
807 1378 1005 1423 Factum
1021 1384 1091 1422 est
1109 1384 1270 1422 autem
1286 1384 1356 1435 ut,
1378 1375 1661 1424 adveniente
1675 1376 1797 1424 festi-

365 1450 507 1498 vitate
530 1453 682 1500 sancti
708 1454 908 1500 Victoris
922 1491 934 1515 ,
968 1452 1365 1501 convenientibus
1388 1453 1578 1519 populis
1592 1492 1605 1516 ,
1640 1465 1688 1502 et
1715 1454 1796 1503 hic

367 1527 534 1591 vigiliis
562 1530 828 1592 interesset,
860 1530 949 1578 sub
971 1530 1122 1578 libera
1139 1531 1269 1577 enim
1289 1530 1530 1579 custodia'·
1548 1530 1794 1579 absolutus

366 1605 731 1670 adtendebatur,
769 1619 1127 1674 prostratusque
1177 1625 1342 1657 coram
1392 1626 1527 1657 sacro
1575 1610 1794 1675 sepulcro

368 1686 518 1732 sancti
549 1687 777 1749 Victoris,
824 1704 935 1734 cum
971 1704 1173 1753 semper,
1214 1697 1318 1735 tum
1358 1688 1620 1753 impensius
1658 1704 1795 1736 orare

366 1764 510 1828 coepit
533 1775 587 1812 ut
611 1782 723 1813 eum
750 1766 897 1813 virtus
923 1766 1142 1830 martyris
1161 1765 1223 1813 ab
1243 1766 1338 1813 hoc
1360 1766 1524 1813 exsilio
1549 1765 1789 1814 liberaret.

365 1840 503 1889 Circa
524 1843 738 1890 medium
761 1860 875 1890 vero
900 1843 1079 1905 noctis,
1112 1860 1324 1906 egressus
1353 1842 1415 1890 ab
1450 1843 1578 1905 aede,
1613 1843 1795 1892 audivit

367 1934 519 1966 unum
539 1920 600 1968 de
619 1922 778 1985 egenis
792 1922 1069 1986 loquentem
1095 1921 1158 1968 ad
1185 1921 1332 1968 alium
1356 1931 1500 1984 atque
1518 1920 1759 1969 dicentem
1778 1940 1788 1968 :

372 2016 393 2038 «
416 1997 544 2054 Quid
563 2009 718 2063 putas,
744 2015 774 2046 o
796 2015 1106 2064 compauper,
1129 2015 1233 2062 quae
1251 1999 1400 2046 virtus
1421 1998 1481 2046 sit
1499 1998 1643 2062 hujus
1665 2015 1794 2047 mar-

366 2074 510 2137 tyris?
533 2078 713 2123 Verum
734 2076 862 2139 dico,
889 2093 978 2125 nec
1000 2076 1154 2137 fallor,
1174 2076 1287 2139 quia
1309 2075 1360 2122 in
1382 2075 1473 2123 hac
1496 2086 1637 2124 nocte
1662 2077 1794 2141 quis-

367 2151 472 2214 quis
501 2154 714 2219 captivus
742 2154 943 2202 domino
974 2171 1062 2220 per
1094 2153 1254 2218 sugam
1294 2153 1520 2201 dilabitur
1549 2154 1796 2203 absolutus

370 2228 418 2274 in
441 2232 646 2294 patriam
667 2232 867 2295 accedit,
893 2249 982 2280 nec
1004 2249 1198 2297 prorsus
1220 2231 1344 2279 ultra
1359 2232 1609 2296 reperitur.
1635 2253 1659 2275 »ι
1683 2234 1795 2279 Haec

368 2311 649 2374 Apollinaris
680 2312 850 2375 verba,
888 2313 1023 2377 quasi
1052 2312 1319 2377 auspicium
1350 2327 1407 2358 ex
1431 2311 1519 2358 Dei
1543 2321 1664 2358 nutu
1685 2311 1794 2358 mis-

370 2404 475 2435 sum
506 2391 770 2456 accipiens,
811 2391 983 2438 iterum
1022 2400 1163 2454 atque
1200 2390 1374 2436 iterum
1409 2389 1693 2454 provolutus
1731 2387 1793 2436 ad

427 2546 482 2597 (1)
511 2551 570 2585 De
581 2553 730 2587 Victore
743 2551 1043 2596 Mediolanense‚
1056 2550 1177 2587 2205.
1191 2571 1246 2578 -—
1261 2551 1315 2597 (2)
1327 2550 1429 2586 Ann.
1444 2550 1537 2596 303,
1556 2550 1580 2587 8
1593 2548 1697 2587 maii.
1715 2550 1795 2599 (R.)

423 2612 478 2659 (3)
506 2613 738 2663 Apollinaris
757 2613 877 2651 sancti
895 2612 1125 2664 Apollinaris
1143 2611 1288 2651 Sidonii
1306 2612 1405 2650 filius
1424 2612 1516 2660 suit,
1538 2612 1587 2650 de
1604 2625 1682 2663 quo
1700 2613 1795 2651 Gre-

369 2672 497 2725 gorius
520 2674 588 2713 lib.
615 2679 667 2715 ΙΙ.
689 2676 788 2714 Hist.
811 2689 897 2728 cap.
918 2683 1145 2724 xxxv11‚‚et
1176 2673 1243 2714 lib.
1263 2677 1341 2722 ΙΙΙ,
1365 2687 1451 2727 cap.
1480 2688 1525 2712 11.
1547 2677 1607 2712 De
1627 2674 1794 2713 Victorio

366 2746 494 2775 autem
513 2736 581 2778 lib.
603 2741 655 2786 11,
676 2752 760 2791 cap.
783 2753 836 2778 xx
854 2747 891 2777 et
907 2753 988 2777 xx1.
1010 2740 1089 2786 (R.)

423 2803 478 2848 (4)
505 2800 592 2843 Vid.
620 2802 794 2854 Gregorii
817 2802 916 2841 Hist.
943 2793 1146 2848 Franc'or.,
1171 2800 1238 2841 lib.
1259 2803 1306 2848 V,
1333 2813 1420 2852 cap.
1447 2814 1489 2848 13
1515 2808 1545 2837 t.
1567 2802 1608 2849 Ι,
1626 2813 1666 2852 p,
1697 2801 1789 2850 368,

365 2864 414 2903 ad
432 2873 514 2904 not.
537 2867 575 2905 3.
