2002 3418
353 321 429 358 188
750 325 816 360 DE
844 323 1030 362 GLORIA
1057 326 1355 366 MARTYRUM.

351 425 463 456 casu
480 409 542 457 ab
567 411 717 459 oculis
736 411 947 477 dilapsos
981 413 1191 479 perdidit
1207 451 1219 475 ,
1254 413 1542 478 eosdemque
1565 417 1763 465 sollicita

350 486 573 552 indagine
610 490 830 554 quaesitos
868 492 1071 556 reperire
1103 509 1202 539 non
1237 492 1409 557 potuit.
1444 494 1762 558 Consequenti

348 583 464 615 vero
481 577 640 630 nocte,
660 570 878 634 apparuit
899 571 944 617 ei
965 571 1037 617 vir
1056 569 1252 634 quidam
1270 587 1356 635 per
1376 571 1548 633 visum,
1570 571 1759 621 dicens:

355 666 378 689 «
392 644 525 692 Vade
540 662 626 710 per
638 646 764 693 viam
780 663 885 710 quae
900 646 962 694 ad
976 648 1142 695 silvam
1160 647 1309 708 ducit,
1325 658 1373 694 et
1390 648 1602 696 invenies
1617 648 1765 697 boves

349 739 470 787 quos
492 723 689 771 sollicite
712 725 928 789 requiris,
947 726 1082 790 juxta
1098 725 1308 791 lapidem
1326 727 1576 774 marmoris
1592 727 1765 779 herha-

348 815 457 846 rum
489 801 678 865 copiam
709 800 1041 867 decerpentes;
1074 803 1343 867 junctisque
1379 803 1440 850 ad
1469 803 1732 868 plaustrum
1749 842 1762 866 ,

349 893 561 925 marmor
581 879 769 939 exhibe,
797 889 845 927 et
862 896 1005 945 super
1025 881 1315 946 sepulturam
1337 897 1442 944 quae
1462 882 1548 927 viae
1564 891 1634 928 est
1653 898 1766 946 pro-

348 956 531 1020 pinqua
550 972 806 1021 compone.
837 960 933 1021 Ego
956 958 1086 1005 enim
1107 974 1231 1019 sum,
1250 958 1333 1022 qui
1353 957 1439 1005 tibi
1454 958 1555 1005 haec
1572 959 1763 1022 loquor,

349 1033 597 1094 Genesius,
641 1033 777 1096 cujus
810 1042 881 1080 est
908 1035 1123 1081 tumulus
1145 1035 1244 1095 ille,
1270 1035 1351 1099 qui
1373 1035 1423 1082 in
1444 1035 1566 1083 albis
1585 1037 1767 1100 positus

349 1125 434 1173 per
456 1110 735 1173 martyrium
757 1108 819 1156 ab
841 1108 938 1157 hoc
959 1109 1145 1157 mundo
1167 1111 1383 1173 migravi.
1405 1129 1428 1154 »
1466 1113 1767 1175 Consurgens

349 1193 508 1231 autem
543 1184 694 1231 homo
724 1185 802 1232 ille
837 1185 1050 1233 diluculo
1090 1186 1266 1250 reperit
1301 1185 1453 1233 boves
1482 1187 1615 1250 juxta
1648 1189 1768 1253 lapi-

349 1261 479 1322 dem,
508 1260 712 1326 fecitque
734 1263 854 1310 sicut
876 1263 919 1309 ei
956 1272 1246 1328 praeceptum
1280 1262 1432 1311 fuerat
1471 1279 1558 1329 per
1591 1265 1764 1312 visum.

349 1339 442 1386 Sed
476 1355 564 1386 nec
594 1340 644 1387 in
669 1340 763 1387 hoc
807 1340 957 1388 defuit
999 1339 1282 1387 miraculum
1304 1378 1315 1399 ,
1360 1357 1472 1388 cum
1512 1341 1770 1389 immensus

349 1417 486 1482 lapis,
507 1434 651 1481 quem
674 1418 825 1466 multa
856 1418 1009 1466 boum
1047 1419 1182 1484 paria
1205 1434 1396 1466 movere
1421 1419 1499 1466 vix
1519 1428 1766 1484 poterant,

350 1510 378 1541 a
411 1494 604 1543 duobus
642 1505 830 1544 tantum
861 1495 1043 1544 delatus
1085 1505 1155 1543 est
1188 1495 1363 1543 hobus.
1409 1499 1477 1543 Ex
1511 1496 1607 1568 hoc
1640 1497 1768 1544 enim

350 1573 486 1619 multi
521 1572 696 1620 infirmi
743 1573 923 1621 ibidem
962 1574 1204 1621 venientes
1222 1611 1235 1635 ,
1272 1583 1496 1621 votorum
1538 1575 1770 1639 promissa

350 1650 604 1711 solventes,
635 1652 884 1698 sanitatem
920 1652 1174 1716 recipiunt.
1218 1650 1424 1698 Audiens
1454 1651 1555 1699 haec
1590 1652 1765 1713 Avitus,

349 1728 603 1792 episcopus
621 1728 755 1776 urbis
776 1729 916 1790 illius,
939 1729 1185 1776 basilicam
1207 1744 1348 1794 super
1369 1729 1607 1776 tumulum
1620 1729 1771 1776 sancti

350 1821 574 1868 magnam
596 1805 874 1868 aedificavit,
902 1806 1266 1869 dedicatamque
1279 1842 1293 1866 ,
1322 1805 1618 1853 festivitatem
1640 1807 1688 1853 iu
1713 1823 1770 1854 ea

349 1883 500 1930 excoli
534 1885 757 1949 praecepit
771 1922 784 1945 ‚
814 1885 863 1932 in
873 1866 983 1947 ‘qua
1004 1900 1135 1931 nunc
1159 1883 1309 1931 multa
1332 1882 1597 1947 frequentia
1619 1900 1770 1949 popu-

349 1961 508 2008 lorum
529 1978 641 2009 cum
662 1963 784 2009 votis
798 2000 810 2024 ,
831 1971 885 2009 ut
908 1962 1112 2010 diximus
1126 1998 1139 2023 ‚
1178 1961 1398 2023 veniens,
1440 1977 1551 2008 cum
1573 1962 1770 2010 sanitate

349 2039 628 2102 regreditur.
660 2043 791 2086 Hanc
813 2040 957 2086 etiam
977 2038 1223 2086 basilicam
1246 2039 1395 2086 sancti
1410 2039 1603 2086 Genesii‘
1617 2039 1772 2088 Arela—

350 2118 494 2164 tensis
516 2117 725 2180 reliquiis
746 2117 1011 2164 illustravit.

882 2236 1036 2275 CAPUT
1063 2239 1234 2276 vam.

484 2321 537 2355 De
552 2319 704 2355 Genesio
720 2320 920 2354 Arelatense
937 2326 1102 2366 martyre,
1120 2329 1179 2352 seu
1201 2317 1245 2352 de
1261 2329 1363 2351 moro
1381 2317 1622 2354 reviviscente.
1654 2339 1659 2342 -

416 2401 504 2448 Hic
519 2417 635 2448 vero
658 2410 838 2464 martyr
855 2400 1124 2460 Genesius',
1159 2399 1399 2446 decisione
1431 2400 1626 2447 cervicis
1655 2417 1769 2464 ago-

350 2494 478 2538 nem,
500 2493 589 2542 pro
608 2477 781 2524 Christi
803 2477 1017 2537 nomine,
1038 2474 1167 2541 apud
1189 2474 1408 2523 eamdem
1425 2475 1770 2524 Arelatensem²

404 2626 458 2673 (1)
487 2625 610 2672 Hujus
640 2624 767 2677 passio
798 2632 931 2663 sancto
965 2623 1124 2662 Paulino
1155 2623 1297 2662 tributa
1326 2624 1428 2663 edita
1456 2632 1514 2662 est
1546 2624 1646 2663 inter
1673 2626 1769 2663 Acta

350 2689 563 2738 Martyrum
578 2687 741 2735 sincera,
756 2699 846 2739 pag.
866 2688 960 2724 603.
978 2689 1172 2734 Incertum
1191 2695 1248 2725 est
1265 2699 1343 2738 quo
1362 2695 1536 2738 tempore
1552 2699 1685 2738 passus
1703 2687 1764 2726 sit.

350 2751 503 2788 Festum
522 2750 604 2798 ejus
621 2750 837 2789 celebratur
855 2749 917 2787 die
937 2750 988 2787 25
1007 2750 1170 2801 augusti.
1194 2753 1274 2798 (R.)

405 2814 743 2861 (2)Are1atensim‚
769 2814 873 2850 2204
896 2820 933 2850 et
951 2824 1064 2864 supp.
1087 2814 1179 2851 478.
