<?xml version="1.0" encoding="UTF-8"?>
<!DOCTYPE html PUBLIC "-//W3C//DTD XHTML 1.0 Transitional//EN"
    "http://www.w3.org/TR/xhtml1/DTD/xhtml1-transitional.dtd">
<html xmlns="http://www.w3.org/1999/xhtml" xml:lang="en" lang="en">
 <head>
  <title>
</title>
<meta http-equiv="Content-Type" content="text/html;charset=utf-8" />
  <meta name='ocr-system' content='tesseract 3.04.00' />
  <meta name='ocr-capabilities' content='ocr_page ocr_carea ocr_par ocr_line ocrx_word'/>
</head>
<body>
  <div class='ocr_page' id='page_1' title='image "./leslivresdesmira01greguoft_0342.png"; bbox 0 0 2002 3418; ppageno 0'>
   <div class='ocr_carea' id='block_1_1' title="bbox 383 330 1394 368">
    <p class='ocr_par' dir='ltr' id='par_1_1' title="bbox 383 330 1394 368">
     <span class='ocr_line' id='line_1_1' title="bbox 383 330 1394 368; baseline 0.002 -2"><span class='ocrx_word' id='word_1_1' title='bbox 383 331 460 367; x_wconf 79' lang='lat'><strong>286</strong></span> <span class='ocrx_word' id='word_1_2' title='bbox 779 331 845 367; x_wconf 87' lang='lat' dir='ltr'><strong>DE</strong></span> <span class='ocrx_word' id='word_1_3' title='bbox 876 331 1061 368; x_wconf 76' lang='lat' dir='ltr'><strong>GLORIA</strong></span> <span class='ocrx_word' id='word_1_4' title='bbox 1097 330 1394 368; x_wconf 82' lang='lat' dir='ltr'><strong>MARTYRUM.</strong></span> 
     </span>
    </p>
   </div>
   <div class='ocr_carea' id='block_1_2' title="bbox 359 417 1797 2500">
    <p class='ocr_par' dir='ltr' id='par_1_2' title="bbox 363 417 1797 2183">
     <span class='ocr_line' id='line_1_2' title="bbox 380 417 1797 483; baseline 0.003 -20"><span class='ocrx_word' id='word_1_5' title='bbox 380 427 458 463; x_wconf 89' lang='lat' dir='ltr'><strong>tur</strong></span> <span class='ocrx_word' id='word_1_6' title='bbox 491 418 816 482; x_wconf 88' lang='lat' dir='ltr'><strong>persecutione</strong></span> <span class='ocrx_word' id='word_1_7' title='bbox 846 417 1230 478; x_wconf 88' lang='lat' dir='ltr'><strong>catholicorum¹,</strong></span> <span class='ocrx_word' id='word_1_8' title='bbox 1263 433 1375 464; x_wconf 90' lang='lat' dir='ltr'><strong>cum</strong></span> <span class='ocrx_word' id='word_1_9' title='bbox 1402 417 1526 465; x_wconf 85' lang='lat' dir='ltr'><strong>Felix</strong></span> <span class='ocrx_word' id='word_1_10' title='bbox 1554 418 1797 483; x_wconf 83' lang='lat' dir='ltr'><strong>presbyter</strong></span> 
     </span>
     <span class='ocr_line' id='line_1_3' title="bbox 381 495 1792 561; baseline 0.002 -20"><span class='ocrx_word' id='word_1_11' title='bbox 381 496 431 542; x_wconf 91' lang='lat' dir='ltr'><strong>in</strong></span> <span class='ocrx_word' id='word_1_12' title='bbox 447 495 604 560; x_wconf 83' lang='lat' dir='ltr'><strong>platea</strong></span> <span class='ocrx_word' id='word_1_13' title='bbox 619 496 850 561; x_wconf 90' lang='lat' dir='ltr'><strong>populum</strong></span> <span class='ocrx_word' id='word_1_14' title='bbox 866 505 1080 543; x_wconf 89' lang='lat' dir='ltr'><strong>moneret</strong></span> <span class='ocrx_word' id='word_1_15' title='bbox 1098 511 1158 542; x_wconf 92' lang='lat' dir='ltr'><strong>ne</strong></span> <span class='ocrx_word' id='word_1_16' title='bbox 1181 511 1209 541; x_wconf 89' lang='lat' dir='ltr'><strong>a</strong></span> <span class='ocrx_word' id='word_1_17' title='bbox 1227 505 1357 542; x_wconf 88' lang='lat' dir='ltr'><strong>recto</strong></span> <span class='ocrx_word' id='word_1_18' title='bbox 1381 495 1546 543; x_wconf 87' lang='lat' dir='ltr'><strong>itinere</strong></span> <span class='ocrx_word' id='word_1_19' title='bbox 1567 495 1792 558; x_wconf 78' lang='lat' dir='ltr'><strong>deviaret,</strong></span> 
     </span>
     <span class='ocr_line' id='line_1_4' title="bbox 379 573 1795 639; baseline 0.001 -19"><span class='ocrx_word' id='word_1_20' title='bbox 379 583 651 638; x_wconf 87' lang='lat' dir='ltr'><strong>persecutor</strong></span> <span class='ocrx_word' id='word_1_21' title='bbox 674 574 842 622; x_wconf 88' lang='lat' dir='ltr'><strong>missus</strong></span> <span class='ocrx_word' id='word_1_22' title='bbox 865 573 1038 635; x_wconf 88' lang='lat' dir='ltr'><strong>adfuit,</strong></span> <span class='ocrx_word' id='word_1_23' title='bbox 1073 583 1120 619; x_wconf 87' lang='lat' dir='ltr'><strong>et</strong></span> <span class='ocrx_word' id='word_1_24' title='bbox 1150 573 1338 636; x_wconf 86' lang='lat' dir='ltr'><strong>ignotus</strong></span> <span class='ocrx_word' id='word_1_25' title='bbox 1359 573 1499 621; x_wconf 90' lang='lat' dir='ltr'><strong>Felici</strong></span> <span class='ocrx_word' id='word_1_26' title='bbox 1518 573 1795 639; x_wconf 86' lang='lat' dir='ltr'><strong>presbytero</strong></span> 
     </span>
     <span class='ocr_line' id='line_1_5' title="bbox 378 650 1795 716; baseline 0.002 -20"><span class='ocrx_word' id='word_1_27' title='bbox 378 650 603 698; x_wconf 88' lang='lat' dir='ltr'><strong>sollicitus</strong></span> <span class='ocrx_word' id='word_1_28' title='bbox 625 651 724 716; x_wconf 91' lang='lat' dir='ltr'><strong>ipse</strong></span> <span class='ocrx_word' id='word_1_29' title='bbox 745 651 889 715; x_wconf 85' lang='lat' dir='ltr'><strong>coepit</strong></span> <span class='ocrx_word' id='word_1_30' title='bbox 920 666 1019 697; x_wconf 86' lang='lat' dir='ltr'><strong>esse</strong></span> <span class='ocrx_word' id='word_1_31' title='bbox 1050 650 1268 713; x_wconf 87' lang='lat' dir='ltr'><strong>quisnam</strong></span> <span class='ocrx_word' id='word_1_32' title='bbox 1294 658 1414 695; x_wconf 86' lang='lat' dir='ltr'><strong>esset</strong></span> <span class='ocrx_word' id='word_1_33' title='bbox 1446 650 1589 696; x_wconf 85' lang='lat' dir='ltr'><strong>Felix.</strong></span> <span class='ocrx_word' id='word_1_34' title='bbox 1623 653 1795 700; x_wconf 84' lang='lat' dir='ltr'><strong>Dextra</strong></span> 
     </span>
     <span class='ocr_line' id='line_1_6' title="bbox 377 726 1794 792; baseline 0.001 -18"><span class='ocrx_word' id='word_1_35' title='bbox 377 727 455 774; x_wconf 90' lang='lat' dir='ltr'><strong>ille</strong></span> <span class='ocrx_word' id='word_1_36' title='bbox 477 729 707 790; x_wconf 90' lang='lat' dir='ltr'><strong>innuens,</strong></span> <span class='ocrx_word' id='word_1_37' title='bbox 734 729 800 776; x_wconf 89' lang='lat' dir='ltr'><strong>ait</strong></span> <span class='ocrx_word' id='word_1_38' title='bbox 820 747 831 774; x_wconf 90' lang='lat'>:</span> <span class='ocrx_word' id='word_1_39' title='bbox 853 749 874 772; x_wconf 72' lang='lat' dir='ltr'><strong>c&lt;</strong></span> <span class='ocrx_word' id='word_1_40' title='bbox 893 731 1026 775; x_wconf 90' lang='lat' dir='ltr'><strong>Hanc</strong></span> <span class='ocrx_word' id='word_1_41' title='bbox 1048 728 1097 774; x_wconf 94' lang='lat' dir='ltr'><strong>in</strong></span> <span class='ocrx_word' id='word_1_42' title='bbox 1121 738 1303 792; x_wconf 86' lang='lat' dir='ltr'><strong>partem</strong></span> <span class='ocrx_word' id='word_1_43' title='bbox 1319 726 1452 774; x_wconf 88' lang='lat' dir='ltr'><strong>abiit.</strong></span> <span class='ocrx_word' id='word_1_44' title='bbox 1473 730 1622 785; x_wconf 86' lang='lat' dir='ltr'><strong>»Quo</strong></span> <span class='ocrx_word' id='word_1_45' title='bbox 1645 727 1794 776; x_wconf 89' lang='lat' dir='ltr'><strong>disce-</strong></span> 
     </span>
     <span class='ocr_line' id='line_1_7' title="bbox 376 803 1794 871; baseline 0.001 -20"><span class='ocrx_word' id='word_1_46' title='bbox 376 803 535 867; x_wconf 87' lang='lat' dir='ltr'><strong>dente,</strong></span> <span class='ocrx_word' id='word_1_47' title='bbox 560 806 640 853; x_wconf 93' lang='lat' dir='ltr'><strong>hic</strong></span> <span class='ocrx_word' id='word_1_48' title='bbox 659 806 890 854; x_wconf 85' lang='lat' dir='ltr'><strong>latebram</strong></span> <span class='ocrx_word' id='word_1_49' title='bbox 913 806 1047 871; x_wconf 89' lang='lat' dir='ltr'><strong>petiit</strong></span> <span class='ocrx_word' id='word_1_50' title='bbox 1064 822 1207 869; x_wconf 89' lang='lat' dir='ltr'><strong>seque</strong></span> <span class='ocrx_word' id='word_1_51' title='bbox 1230 805 1352 851; x_wconf 89' lang='lat' dir='ltr'><strong>inter</strong></span> <span class='ocrx_word' id='word_1_52' title='bbox 1385 806 1586 869; x_wconf 90' lang='lat' dir='ltr'><strong>parietes</strong></span> <span class='ocrx_word' id='word_1_53' title='bbox 1613 804 1794 853; x_wconf 88' lang='lat' dir='ltr'><strong>dirutos</strong></span> 
     </span>
     <span class='ocr_line' id='line_1_8' title="bbox 374 881 1789 945; baseline 0.001 -17"><span class='ocrx_word' id='word_1_54' title='bbox 374 898 460 945; x_wconf 89' lang='lat' dir='ltr'><strong>per</strong></span> <span class='ocrx_word' id='word_1_55' title='bbox 476 883 722 931; x_wconf 90' lang='lat' dir='ltr'><strong>modicum</strong></span> <span class='ocrx_word' id='word_1_56' title='bbox 734 884 968 945; x_wconf 89' lang='lat' dir='ltr'><strong>ingressus</strong></span> <span class='ocrx_word' id='word_1_57' title='bbox 980 883 1164 930; x_wconf 88' lang='lat' dir='ltr'><strong>aditum</strong></span> <span class='ocrx_word' id='word_1_58' title='bbox 1176 882 1330 929; x_wconf 87' lang='lat' dir='ltr'><strong>occuli</strong></span> <span class='ocrx_word' id='word_1_59' title='bbox 1342 881 1507 928; x_wconf 81' lang='lat' dir='ltr'><strong>voluit.</strong></span> <span class='ocrx_word' id='word_1_60' title='bbox 1531 884 1625 928; x_wconf 91' lang='lat' dir='ltr'><strong>Nec</strong></span> <span class='ocrx_word' id='word_1_61' title='bbox 1637 899 1789 943; x_wconf 90' lang='lat' dir='ltr'><strong>mora,</strong></span> 
     </span>
     <span class='ocr_line' id='line_1_9' title="bbox 374 958 1792 1031; baseline -0.001 -25"><span class='ocrx_word' id='word_1_62' title='bbox 374 970 646 1022; x_wconf 87' lang='lat' dir='ltr'><strong>persecutor</strong></span> <span class='ocrx_word' id='word_1_63' title='bbox 662 959 940 1023; x_wconf 84' lang='lat' dir='ltr'><strong>insequitur,</strong></span> <span class='ocrx_word' id='word_1_64' title='bbox 963 959 1047 1006; x_wconf 91' lang='lat' dir='ltr'><strong>sed</strong></span> <span class='ocrx_word' id='word_1_65' title='bbox 1060 961 1187 1006; x_wconf 91' lang='lat' dir='ltr'><strong>Deus</strong></span> <span class='ocrx_word' id='word_1_66' title='bbox 1205 958 1569 1031; x_wconf 53' lang='lat' dir='ltr'><strong>sollicitudinem</strong></span> <span class='ocrx_word' id='word_1_67' title='bbox 1583 975 1792 1023; x_wconf 90' lang='lat' dir='ltr'><strong>quaeren-</strong></span> 
     </span>
     <span class='ocr_line' id='line_1_10' title="bbox 374 1035 1790 1101; baseline 0.001 -20"><span class='ocrx_word' id='word_1_68' title='bbox 374 1035 432 1081; x_wconf 84' lang='lat' dir='ltr'><strong>tis</strong></span> <span class='ocrx_word' id='word_1_69' title='bbox 446 1036 601 1083; x_wconf 88' lang='lat' dir='ltr'><strong>elusit.</strong></span> <span class='ocrx_word' id='word_1_70' title='bbox 610 1038 748 1096; x_wconf 84' lang='lat' dir='ltr'><strong>Nam,</strong></span> <span class='ocrx_word' id='word_1_71' title='bbox 759 1035 895 1098; x_wconf 90' lang='lat' dir='ltr'><strong>jussu</strong></span> <span class='ocrx_word' id='word_1_72' title='bbox 910 1036 1193 1095; x_wconf 88' lang='lat' dir='ltr'><strong>Divinitatis‚</strong></span> <span class='ocrx_word' id='word_1_73' title='bbox 1206 1051 1389 1083; x_wconf 76' lang='lat' dir='ltr'><strong>araneae</strong></span> <span class='ocrx_word' id='word_1_74' title='bbox 1405 1053 1489 1101; x_wconf 86' lang='lat' dir='ltr'><strong>per</strong></span> <span class='ocrx_word' id='word_1_75' title='bbox 1501 1036 1681 1083; x_wconf 88' lang='lat' dir='ltr'><strong>aditum</strong></span> <span class='ocrx_word' id='word_1_76' title='bbox 1693 1053 1790 1100; x_wconf 92' lang='lat' dir='ltr'><strong>quo</strong></span> 
     </span>
     <span class='ocr_line' id='line_1_11' title="bbox 373 1113 1786 1178; baseline 0.003 -20"><span class='ocrx_word' id='word_1_77' title='bbox 373 1123 551 1176; x_wconf 83' lang='lat' dir='ltr'><strong>martyr</strong></span> <span class='ocrx_word' id='word_1_78' title='bbox 570 1113 805 1176; x_wconf 86' lang='lat' dir='ltr'><strong>ingressus</strong></span> <span class='ocrx_word' id='word_1_79' title='bbox 830 1113 982 1161; x_wconf 87' lang='lat' dir='ltr'><strong>fuerat</strong></span> <span class='ocrx_word' id='word_1_80' title='bbox 1013 1113 1214 1160; x_wconf 82' lang='lat' dir='ltr'><strong>telarum</strong></span> <span class='ocrx_word' id='word_1_81' title='bbox 1241 1113 1540 1178; x_wconf 80' lang='lat' dir='ltr'><strong>praetendunt</strong></span> <span class='ocrx_word' id='word_1_82' title='bbox 1570 1115 1786 1162; x_wconf 88' lang='lat' dir='ltr'><strong>stamina.</strong></span> 
     </span>
     <span class='ocr_line' id='line_1_12' title="bbox 372 1189 1791 1257; baseline 0.005 -24"><span class='ocrx_word' id='word_1_83' title='bbox 372 1190 425 1235; x_wconf 87' lang='lat' dir='ltr'><strong>At</strong></span> <span class='ocrx_word' id='word_1_84' title='bbox 449 1189 516 1237; x_wconf 86' lang='lat' dir='ltr'><strong>illi</strong></span> <span class='ocrx_word' id='word_1_85' title='bbox 537 1207 623 1256; x_wconf 89' lang='lat' dir='ltr'><strong>per</strong></span> <span class='ocrx_word' id='word_1_86' title='bbox 644 1190 891 1254; x_wconf 85' lang='lat' dir='ltr'><strong>vestigium</strong></span> <span class='ocrx_word' id='word_1_87' title='bbox 915 1199 1271 1256; x_wconf 87' lang='lat' dir='ltr'><strong>persequentes,</strong></span> <span class='ocrx_word' id='word_1_88' title='bbox 1305 1190 1422 1238; x_wconf 91' lang='lat' dir='ltr'><strong>dum</strong></span> <span class='ocrx_word' id='word_1_89' title='bbox 1447 1191 1608 1238; x_wconf 91' lang='lat' dir='ltr'><strong>locum</strong></span> <span class='ocrx_word' id='word_1_90' title='bbox 1629 1192 1791 1257; x_wconf 86' lang='lat' dir='ltr'><strong>explo-</strong></span> 
     </span>
     <span class='ocr_line' id='line_1_13' title="bbox 371 1266 1792 1332; baseline 0.003 -20"><span class='ocrx_word' id='word_1_91' title='bbox 371 1281 475 1314; x_wconf 91' lang='lat' dir='ltr'><strong>rare</strong></span> <span class='ocrx_word' id='word_1_92' title='bbox 506 1268 738 1330; x_wconf 91' lang='lat' dir='ltr'><strong>nituntur,</strong></span> <span class='ocrx_word' id='word_1_93' title='bbox 785 1267 981 1316; x_wconf 84' lang='lat' dir='ltr'><strong>exordia</strong></span> <span class='ocrx_word' id='word_1_94' title='bbox 1014 1269 1115 1316; x_wconf 87' lang='lat' dir='ltr'><strong>telae</strong></span> <span class='ocrx_word' id='word_1_95' title='bbox 1150 1268 1452 1332; x_wconf 90' lang='lat' dir='ltr'><strong>conspiciunt</strong></span> <span class='ocrx_word' id='word_1_96' title='bbox 1477 1266 1792 1332; x_wconf 86' lang='lat' dir='ltr'><strong>dixeruntque</strong></span> 
     </span>
     <span class='ocr_line' id='line_1_14' title="bbox 370 1342 1787 1411; baseline 0.001 -21"><span class='ocrx_word' id='word_1_97' title='bbox 370 1342 433 1390; x_wconf 88' lang='lat' dir='ltr'><strong>ad</strong></span> <span class='ocrx_word' id='word_1_98' title='bbox 445 1346 744 1411; x_wconf 87' lang='lat' dir='ltr'><strong>semetipsos:</strong></span> <span class='ocrx_word' id='word_1_99' title='bbox 771 1365 793 1389; x_wconf 72' lang='grc' dir='ltr'><strong>ι(</strong></span> <span class='ocrx_word' id='word_1_100' title='bbox 810 1348 1014 1393; x_wconf 89' lang='lat' dir='ltr'><strong>Putasne</strong></span> <span class='ocrx_word' id='word_1_101' title='bbox 1031 1361 1117 1410; x_wconf 88' lang='lat' dir='ltr'><strong>per</strong></span> <span class='ocrx_word' id='word_1_102' title='bbox 1128 1344 1229 1392; x_wconf 76' lang='lat' dir='ltr'><strong>haec</strong></span> <span class='ocrx_word' id='word_1_103' title='bbox 1246 1343 1327 1392; x_wconf 86' lang='lat' dir='ltr'><strong>fila</strong></span> <span class='ocrx_word' id='word_1_104' title='bbox 1338 1344 1488 1392; x_wconf 90' lang='lat' dir='ltr'><strong>homo</strong></span> <span class='ocrx_word' id='word_1_105' title='bbox 1503 1345 1787 1409; x_wconf 86' lang='lat' dir='ltr'><strong>pertransiit,</strong></span> 
     </span>
     <span class='ocr_line' id='line_1_15' title="bbox 370 1422 1791 1488; baseline 0.001 -21"><span class='ocrx_word' id='word_1_106' title='bbox 370 1437 475 1485; x_wconf 90' lang='lat' dir='ltr'><strong>quae</strong></span> <span class='ocrx_word' id='word_1_107' title='bbox 493 1423 661 1488; x_wconf 81' lang='lat' dir='ltr'><strong>saepius</strong></span> <span class='ocrx_word' id='word_1_108' title='bbox 675 1423 879 1471; x_wconf 83' lang='lat' dir='ltr'><strong>tenuitas</strong></span> <span class='ocrx_word' id='word_1_109' title='bbox 890 1438 1163 1471; x_wconf 86' lang='lat' dir='ltr'><strong>muscarum</strong></span> <span class='ocrx_word' id='word_1_110' title='bbox 1175 1422 1407 1487; x_wconf 81' lang='lat' dir='ltr'><strong>erumpit?</strong></span> <span class='ocrx_word' id='word_1_111' title='bbox 1425 1441 1449 1466; x_wconf 91' lang='lat'>»</span> <span class='ocrx_word' id='word_1_112' title='bbox 1465 1424 1523 1469; x_wconf 89' lang='lat' dir='ltr'><strong>Et</strong></span> <span class='ocrx_word' id='word_1_113' title='bbox 1543 1422 1667 1469; x_wconf 93' lang='lat' dir='ltr'><strong>illusi</strong></span> <span class='ocrx_word' id='word_1_114' title='bbox 1681 1439 1791 1488; x_wconf 90' lang='lat' dir='ltr'><strong>pro-</strong></span> 
     </span>
     <span class='ocr_line' id='line_1_16' title="bbox 367 1499 1789 1565; baseline 0.003 -20"><span class='ocrx_word' id='word_1_115' title='bbox 367 1499 577 1548; x_wconf 87' lang='lat' dir='ltr'><strong>videntia</strong></span> <span class='ocrx_word' id='word_1_116' title='bbox 600 1502 690 1549; x_wconf 90' lang='lat' dir='ltr'><strong>Dei</strong></span> <span class='ocrx_word' id='word_1_117' title='bbox 719 1502 1049 1550; x_wconf 89' lang='lat' dir='ltr'><strong>discesserunt.</strong></span> <span class='ocrx_word' id='word_1_118' title='bbox 1087 1504 1256 1548; x_wconf 86' lang='lat' dir='ltr'><strong>Beatus</strong></span> <span class='ocrx_word' id='word_1_119' title='bbox 1288 1516 1481 1565; x_wconf 91' lang='lat' dir='ltr'><strong>quoque</strong></span> <span class='ocrx_word' id='word_1_120' title='bbox 1511 1500 1656 1561; x_wconf 85' lang='lat' dir='ltr'><strong>Felix,</strong></span> <span class='ocrx_word' id='word_1_121' title='bbox 1678 1500 1789 1549; x_wconf 88' lang='lat' dir='ltr'><strong>data</strong></span> 
     </span>
     <span class='ocr_line' id='line_1_17' title="bbox 368 1579 1788 1643; baseline 0.001 -19"><span class='ocrx_word' id='word_1_122' title='bbox 368 1588 528 1640; x_wconf 89' lang='lat' dir='ltr'><strong>nocte,</strong></span> <span class='ocrx_word' id='word_1_123' title='bbox 546 1581 734 1629; x_wconf 88' lang='lat' dir='ltr'><strong>secessit</strong></span> <span class='ocrx_word' id='word_1_124' title='bbox 751 1580 814 1628; x_wconf 89' lang='lat' dir='ltr'><strong>ad</strong></span> <span class='ocrx_word' id='word_1_125' title='bbox 833 1580 980 1627; x_wconf 91' lang='lat' dir='ltr'><strong>alium</strong></span> <span class='ocrx_word' id='word_1_126' title='bbox 995 1579 1174 1641; x_wconf 92' lang='lat' dir='ltr'><strong>locum,</strong></span> <span class='ocrx_word' id='word_1_127' title='bbox 1187 1580 1236 1625; x_wconf 91' lang='lat' dir='ltr'><strong>in</strong></span> <span class='ocrx_word' id='word_1_128' title='bbox 1255 1595 1370 1643; x_wconf 83' lang='lat' dir='ltr'><strong>quc,</strong></span> <span class='ocrx_word' id='word_1_129' title='bbox 1389 1595 1475 1643; x_wconf 91' lang='lat' dir='ltr'><strong>per</strong></span> <span class='ocrx_word' id='word_1_130' title='bbox 1491 1587 1586 1626; x_wconf 76' lang='lat' dir='ltr'><strong>tres</strong></span> <span class='ocrx_word' id='word_1_131' title='bbox 1603 1594 1788 1626; x_wconf 89' lang='lat' dir='ltr'><strong>menses</strong></span> 
     </span>
     <span class='ocr_line' id='line_1_18' title="bbox 367 1657 1787 1722; baseline 0.001 -18"><span class='ocrx_word' id='word_1_132' title='bbox 367 1673 395 1704; x_wconf 91' lang='lat' dir='ltr'><strong>a</strong></span> <span class='ocrx_word' id='word_1_133' title='bbox 418 1658 613 1706; x_wconf 89' lang='lat' dir='ltr'><strong>muliere</strong></span> <span class='ocrx_word' id='word_1_134' title='bbox 638 1658 847 1722; x_wconf 89' lang='lat' dir='ltr'><strong>quadam</strong></span> <span class='ocrx_word' id='word_1_135' title='bbox 874 1657 1094 1705; x_wconf 86' lang='lat' dir='ltr'><strong>ciborum</strong></span> <span class='ocrx_word' id='word_1_136' title='bbox 1122 1658 1345 1705; x_wconf 88' lang='lat' dir='ltr'><strong>alimenta</strong></span> <span class='ocrx_word' id='word_1_137' title='bbox 1368 1657 1649 1722; x_wconf 89' lang='lat' dir='ltr'><strong>suscipiens,</strong></span> <span class='ocrx_word' id='word_1_138' title='bbox 1675 1657 1787 1706; x_wconf 89' lang='lat' dir='ltr'><strong>data</strong></span> 
     </span>
     <span class='ocr_line' id='line_1_19' title="bbox 365 1735 1785 1802; baseline 0.001 -20"><span class='ocrx_word' id='word_1_139' title='bbox 365 1750 483 1798; x_wconf 90' lang='lat' dir='ltr'><strong>pace</strong></span> <span class='ocrx_word' id='word_1_140' title='bbox 497 1773 510 1797; x_wconf 90' lang='lat'><strong>,</strong></span> <span class='ocrx_word' id='word_1_141' title='bbox 547 1737 752 1783; x_wconf 88' lang='lat' dir='ltr'><strong>ecclesiae</strong></span> <span class='ocrx_word' id='word_1_142' title='bbox 776 1753 868 1784; x_wconf 88' lang='lat' dir='ltr'><strong>suae</strong></span> <span class='ocrx_word' id='word_1_143' title='bbox 894 1753 950 1784; x_wconf 89' lang='lat' dir='ltr'><strong>ac</strong></span> <span class='ocrx_word' id='word_1_144' title='bbox 973 1735 1154 1802; x_wconf 91' lang='lat' dir='ltr'><strong>populo</strong></span> <span class='ocrx_word' id='word_1_145' title='bbox 1184 1744 1472 1783; x_wconf 84' lang='lat' dir='ltr'><strong>restauratur</strong></span> <span class='ocrx_word' id='word_1_146' title='bbox 1490 1753 1503 1780; x_wconf 75' lang='grc' dir='ltr'><strong><em>ε</em></strong></span> <span class='ocrx_word' id='word_1_147' title='bbox 1536 1751 1785 1798; x_wconf 87' lang='lat' dir='ltr'><strong>nunquam</strong></span> 
     </span>
     <span class='ocr_line' id='line_1_20' title="bbox 364 1811 1784 1874; baseline 0.001 -15"><span class='ocrx_word' id='word_1_148' title='bbox 364 1820 523 1860; x_wconf 90' lang='lat' dir='ltr'><strong>tamen</strong></span> <span class='ocrx_word' id='word_1_149' title='bbox 546 1814 756 1862; x_wconf 86' lang='lat' dir='ltr'><strong>mulieris</strong></span> <span class='ocrx_word' id='word_1_150' title='bbox 771 1814 1076 1862; x_wconf 88' lang='lat' dir='ltr'><strong>ministrantis</strong></span> <span class='ocrx_word' id='word_1_151' title='bbox 1095 1812 1263 1861; x_wconf 87' lang='lat' dir='ltr'><strong>faciem</strong></span> <span class='ocrx_word' id='word_1_152' title='bbox 1284 1813 1419 1874; x_wconf 84' lang='lat' dir='ltr'><strong>vidit,</strong></span> <span class='ocrx_word' id='word_1_153' title='bbox 1437 1821 1521 1860; x_wconf 89' lang='lat' dir='ltr'><strong>aut</strong></span> <span class='ocrx_word' id='word_1_154' title='bbox 1537 1811 1599 1860; x_wconf 86' lang='lat' dir='ltr'><strong>ab</strong></span> <span class='ocrx_word' id='word_1_155' title='bbox 1612 1828 1670 1860; x_wconf 88' lang='lat' dir='ltr'><strong>ea</strong></span> <span class='ocrx_word' id='word_1_156' title='bbox 1684 1829 1784 1860; x_wconf 90' lang='lat' dir='ltr'><strong>sus-</strong></span> 
     </span>
     <span class='ocr_line' id='line_1_21' title="bbox 363 1889 1784 1954; baseline -0.001 -17"><span class='ocrx_word' id='word_1_157' title='bbox 363 1899 528 1952; x_wconf 86' lang='lat' dir='ltr'><strong>pectus</strong></span> <span class='ocrx_word' id='word_1_158' title='bbox 551 1900 644 1953; x_wconf 88' lang='lat' dir='ltr'><strong>est,</strong></span> <span class='ocrx_word' id='word_1_159' title='bbox 668 1891 787 1939; x_wconf 90' lang='lat' dir='ltr'><strong>dum</strong></span> <span class='ocrx_word' id='word_1_160' title='bbox 805 1892 855 1938; x_wconf 92' lang='lat' dir='ltr'><strong>in</strong></span> <span class='ocrx_word' id='word_1_161' title='bbox 873 1891 1073 1939; x_wconf 88' lang='lat' dir='ltr'><strong>latibulo</strong></span> <span class='ocrx_word' id='word_1_162' title='bbox 1101 1899 1383 1938; x_wconf 88' lang='lat' dir='ltr'><strong>moraretur.</strong></span> <span class='ocrx_word' id='word_1_163' title='bbox 1421 1889 1568 1952; x_wconf 85' lang='lat' dir='ltr'><strong>Igitur</strong></span> <span class='ocrx_word' id='word_1_164' title='bbox 1586 1889 1638 1936; x_wconf 91' lang='lat' dir='ltr'><strong>in</strong></span> <span class='ocrx_word' id='word_1_165' title='bbox 1666 1904 1784 1954; x_wconf 90' lang='lat' dir='ltr'><strong>pace</strong></span> 
     </span>
     <span class='ocr_line' id='line_1_22' title="bbox 364 1964 1784 2034; baseline -0.001 -19"><span class='ocrx_word' id='word_1_166' title='bbox 364 1966 625 2029; x_wconf 74' lang='lat' dir='ltr'><strong>quiescens·‚</strong></span> <span class='ocrx_word' id='word_1_167' title='bbox 651 1968 862 2034; x_wconf 84' lang='lat' dir='ltr'><strong>sepultus</strong></span> <span class='ocrx_word' id='word_1_168' title='bbox 882 1977 954 2015; x_wconf 86' lang='lat' dir='ltr'><strong>est</strong></span> <span class='ocrx_word' id='word_1_169' title='bbox 972 1967 1106 2030; x_wconf 87' lang='lat' dir='ltr'><strong>juxta</strong></span> <span class='ocrx_word' id='word_1_170' title='bbox 1127 1966 1335 2028; x_wconf 77' lang='lat' dir='ltr'><strong>urbem&#39;,</strong></span> <span class='ocrx_word' id='word_1_171' title='bbox 1362 1965 1522 2013; x_wconf 89' lang='lat' dir='ltr'><strong>multis</strong></span> <span class='ocrx_word' id='word_1_172' title='bbox 1549 1981 1599 2013; x_wconf 92' lang='lat' dir='ltr'><strong>se</strong></span> <span class='ocrx_word' id='word_1_173' title='bbox 1627 1964 1784 2014; x_wconf 88' lang='lat' dir='ltr'><strong>decla-</strong></span> 
     </span>
     <span class='ocr_line' id='line_1_23' title="bbox 363 2042 1784 2110; baseline 0.001 -22"><span class='ocrx_word' id='word_1_174' title='bbox 363 2059 473 2091; x_wconf 87' lang='lat' dir='ltr'><strong>rans</strong></span> <span class='ocrx_word' id='word_1_175' title='bbox 493 2044 745 2093; x_wconf 85' lang='lat' dir='ltr'><strong>virtutibus</strong></span> <span class='ocrx_word' id='word_1_176' title='bbox 768 2045 818 2092; x_wconf 93' lang='lat' dir='ltr'><strong>in</strong></span> <span class='ocrx_word' id='word_1_177' title='bbox 848 2044 1064 2110; x_wconf 87' lang='lat' dir='ltr'><strong>populis,</strong></span> <span class='ocrx_word' id='word_1_178' title='bbox 1102 2042 1164 2091; x_wconf 93' lang='lat' dir='ltr'><strong>de</strong></span> <span class='ocrx_word' id='word_1_179' title='bbox 1190 2043 1365 2109; x_wconf 84' lang='lat' dir='ltr'><strong>quibus</strong></span> <span class='ocrx_word' id='word_1_180' title='bbox 1385 2059 1539 2109; x_wconf 88' lang='lat' dir='ltr'><strong>pauca</strong></span> <span class='ocrx_word' id='word_1_181' title='bbox 1559 2042 1784 2109; x_wconf 88' lang='lat' dir='ltr'><strong>perstrin-</strong></span> 
     </span>
     <span class='ocr_line' id='line_1_24' title="bbox 363 2137 487 2183; baseline 0 -15"><span class='ocrx_word' id='word_1_182' title='bbox 363 2137 487 2183; x_wconf 84' lang='lat' dir='ltr'><strong>gam.</strong></span> 
     </span>
    </p>

    <p class='ocr_par' dir='ltr' id='par_1_3' title="bbox 359 2195 1782 2500">
     <span class='ocr_line' id='line_1_25' title="bbox 426 2195 1782 2266; baseline 0 -22"><span class='ocrx_word' id='word_1_183' title='bbox 426 2201 539 2246; x_wconf 89' lang='lat' dir='ltr'><strong>Erat</strong></span> <span class='ocrx_word' id='word_1_184' title='bbox 559 2200 688 2248; x_wconf 90' lang='lat' dir='ltr'><strong>enim</strong></span> <span class='ocrx_word' id='word_1_185' title='bbox 711 2199 906 2264; x_wconf 88' lang='lat' dir='ltr'><strong>quidam</strong></span> <span class='ocrx_word' id='word_1_186' title='bbox 941 2216 1139 2266; x_wconf 90' lang='lat' dir='ltr'><strong>pauper,</strong></span> <span class='ocrx_word' id='word_1_187' title='bbox 1171 2197 1356 2246; x_wconf 84' lang='lat' dir='ltr'><strong>habens</strong></span> <span class='ocrx_word' id='word_1_188' title='bbox 1388 2198 1512 2246; x_wconf 89' lang='lat' dir='ltr'><strong>duos</strong></span> <span class='ocrx_word' id='word_1_189' title='bbox 1539 2195 1688 2245; x_wconf 90' lang='lat' dir='ltr'><strong>boves</strong></span> <span class='ocrx_word' id='word_1_190' title='bbox 1717 2196 1782 2245; x_wconf 89' lang='lat' dir='ltr'><strong>ad</strong></span> 
     </span>
     <span class='ocr_line' id='line_1_26' title="bbox 360 2273 1775 2340; baseline -0.001 -18"><span class='ocrx_word' id='word_1_191' title='bbox 360 2277 673 2325; x_wconf 88' lang='lat' dir='ltr'><strong>exercendam</strong></span> <span class='ocrx_word' id='word_1_192' title='bbox 689 2277 925 2325; x_wconf 87' lang='lat' dir='ltr'><strong>culturam</strong></span> <span class='ocrx_word' id='word_1_193' title='bbox 943 2292 1094 2337; x_wconf 90' lang='lat' dir='ltr'><strong>suam,</strong></span> <span class='ocrx_word' id='word_1_194' title='bbox 1119 2293 1209 2324; x_wconf 91' lang='lat' dir='ltr'><strong>nec</strong></span> <span class='ocrx_word' id='word_1_195' title='bbox 1227 2276 1271 2323; x_wconf 91' lang='lat' dir='ltr'><strong>ei</strong></span> <span class='ocrx_word' id='word_1_196' title='bbox 1294 2285 1395 2323; x_wconf 90' lang='lat' dir='ltr'><strong>erat</strong></span> <span class='ocrx_word' id='word_1_197' title='bbox 1417 2275 1509 2323; x_wconf 89' lang='lat' dir='ltr'><strong>alia</strong></span> <span class='ocrx_word' id='word_1_198' title='bbox 1525 2273 1775 2340; x_wconf 79' lang='lat' dir='ltr'><strong>possessiO,</strong></span> 
     </span>
     <span class='ocr_line' id='line_1_27' title="bbox 359 2351 1779 2421; baseline -0.001 -21"><span class='ocrx_word' id='word_1_199' title='bbox 359 2354 450 2401; x_wconf 89' lang='lat' dir='ltr'><strong>nisi</strong></span> <span class='ocrx_word' id='word_1_200' title='bbox 471 2355 604 2419; x_wconf 92' lang='lat' dir='ltr'><strong>quod</strong></span> <span class='ocrx_word' id='word_1_201' title='bbox 635 2354 698 2403; x_wconf 86' lang='lat' dir='ltr'><strong>ab</strong></span> <span class='ocrx_word' id='word_1_202' title='bbox 728 2355 804 2402; x_wconf 90' lang='lat' dir='ltr'><strong>his</strong></span> <span class='ocrx_word' id='word_1_203' title='bbox 830 2354 1059 2421; x_wconf 88' lang='lat' dir='ltr'><strong>potuisset</strong></span> <span class='ocrx_word' id='word_1_204' title='bbox 1085 2354 1302 2401; x_wconf 88' lang='lat' dir='ltr'><strong>tellurem</strong></span> <span class='ocrx_word' id='word_1_205' title='bbox 1337 2351 1559 2400; x_wconf 87' lang='lat' dir='ltr'><strong>scindens</strong></span> <span class='ocrx_word' id='word_1_206' title='bbox 1586 2366 1779 2399; x_wconf 86' lang='lat' dir='ltr'><strong>vomere</strong></span> 
     </span>
     <span class='ocr_line' id='line_1_28' title="bbox 359 2427 1779 2500; baseline 0 -24"><span class='ocrx_word' id='word_1_207' title='bbox 359 2430 613 2481; x_wconf 79' lang='lat' dir='ltr'><strong>laborare⁸.</strong></span> <span class='ocrx_word' id='word_1_208' title='bbox 641 2432 817 2480; x_wconf 87' lang='lat' dir='ltr'><strong>Accidit</strong></span> <span class='ocrx_word' id='word_1_209' title='bbox 837 2443 996 2480; x_wconf 90' lang='lat' dir='ltr'><strong>autem</strong></span> <span class='ocrx_word' id='word_1_210' title='bbox 1010 2441 1080 2493; x_wconf 89' lang='lat' dir='ltr'><strong>ut,</strong></span> <span class='ocrx_word' id='word_1_211' title='bbox 1101 2430 1179 2478; x_wconf 91' lang='lat' dir='ltr'><strong>die</strong></span> <span class='ocrx_word' id='word_1_212' title='bbox 1191 2430 1420 2495; x_wconf 90' lang='lat' dir='ltr'><strong>quadam,</strong></span> <span class='ocrx_word' id='word_1_213' title='bbox 1437 2430 1591 2500; x_wconf 60' lang='lat' dir='ltr'><strong>lassus⁴</strong></span> <span class='ocrx_word' id='word_1_214' title='bbox 1604 2427 1666 2476; x_wconf 88' lang='lat' dir='ltr'><strong>de</strong></span> <span class='ocrx_word' id='word_1_215' title='bbox 1682 2427 1779 2476; x_wconf 91' lang='lat' dir='ltr'><strong>hoc</strong></span> 
     </span>
    </p>
   </div>
   <div class='ocr_carea' id='block_1_3' title="bbox 356 2592 1776 2893">
    <p class='ocr_par' dir='ltr' id='par_1_4' title="bbox 411 2592 946 2639">
     <span class='ocr_line' id='line_1_29' title="bbox 411 2592 946 2639; baseline -0.002 -8"><span class='ocrx_word' id='word_1_216' title='bbox 411 2594 468 2639; x_wconf 90' lang='lat'><strong>(1)</strong></span> <span class='ocrx_word' id='word_1_217' title='bbox 489 2592 805 2639; x_wconf 69' lang='lat' dir='ltr'><strong>orthodooeorum,</strong></span> <span class='ocrx_word' id='word_1_218' title='bbox 826 2593 946 2630; x_wconf 84' lang='lat'><strong>3788.</strong></span> 
     </span>
    </p>

    <p class='ocr_par' dir='ltr' id='par_1_5' title="bbox 356 2650 1776 2830">
     <span class='ocr_line' id='line_1_30' title="bbox 412 2650 1776 2707; baseline -0.005 -15"><span class='ocrx_word' id='word_1_219' title='bbox 412 2653 465 2707; x_wconf 75' lang='lat'><strong>(2)</strong></span> <span class='ocrx_word' id='word_1_220' title='bbox 489 2655 614 2693; x_wconf 80' lang='lat' dir='ltr'><strong>urbem</strong></span> <span class='ocrx_word' id='word_1_221' title='bbox 627 2683 638 2703; x_wconf 92' lang='lat'>‚</span> <span class='ocrx_word' id='word_1_222' title='bbox 663 2654 713 2692; x_wconf 87' lang='lat' dir='ltr'><strong>ab</strong></span> <span class='ocrx_word' id='word_1_223' title='bbox 737 2655 896 2704; x_wconf 80' lang='lat' dir='ltr'><strong>Elpidio</strong></span> <span class='ocrx_word' id='word_1_224' title='bbox 918 2651 1128 2692; x_wconf 80' lang='lat' dir='ltr'><strong>venerabili</strong></span> <span class='ocrx_word' id='word_1_225' title='bbox 1149 2651 1355 2703; x_wconf 83' lang='lat' dir='ltr'><strong>presbitero</strong></span> <span class='ocrx_word' id='word_1_226' title='bbox 1380 2655 1420 2688; x_wconf 85' lang='lat' dir='ltr'><strong>in</strong></span> <span class='ocrx_word' id='word_1_227' title='bbox 1449 2653 1525 2688; x_wconf 87' lang='lat' dir='ltr'><strong>Ioco</strong></span> <span class='ocrx_word' id='word_1_228' title='bbox 1546 2653 1615 2701; x_wconf 83' lang='lat' dir='ltr'><strong>qui</strong></span> <span class='ocrx_word' id='word_1_229' title='bbox 1635 2650 1776 2686; x_wconf 76' lang='lat' dir='ltr'><strong>dicitur</strong></span> 
     </span>
     <span class='ocr_line' id='line_1_31' title="bbox 356 2709 1774 2765; baseline -0.004 -10"><span class='ocrx_word' id='word_1_230' title='bbox 356 2719 501 2765; x_wconf 58' lang='lat' dir='ltr'><strong>Pina-is,</strong></span> <span class='ocrx_word' id='word_1_231' title='bbox 523 2717 587 2755; x_wconf 82' lang='lat' dir='ltr'><strong>ubi</strong></span> <span class='ocrx_word' id='word_1_232' title='bbox 604 2722 721 2755; x_wconf 79' lang='lat' dir='ltr'><strong>virtus</strong></span> <span class='ocrx_word' id='word_1_233' title='bbox 737 2719 871 2756; x_wconf 79' lang='lat' dir='ltr'><strong>divina</strong></span> <span class='ocrx_word' id='word_1_234' title='bbox 883 2718 1012 2753; x_wconf 79' lang='lat' dir='ltr'><strong>multis</strong></span> <span class='ocrx_word' id='word_1_235' title='bbox 1027 2729 1111 2753; x_wconf 84' lang='lat' dir='ltr'><strong>eum</strong></span> <span class='ocrx_word' id='word_1_236' title='bbox 1129 2716 1336 2754; x_wconf 84' lang='lat' dir='ltr'><strong>declaravit</strong></span> <span class='ocrx_word' id='word_1_237' title='bbox 1353 2715 1563 2761; x_wconf 81' lang='lat' dir='ltr'><strong>miraculis,</strong></span> <span class='ocrx_word' id='word_1_238' title='bbox 1576 2714 1626 2750; x_wconf 86' lang='lat' dir='ltr'><strong>de</strong></span> <span class='ocrx_word' id='word_1_239' title='bbox 1641 2709 1774 2763; x_wconf 76' lang='lat' dir='ltr'><strong>quibus</strong></span> 
     </span>
     <span class='ocr_line' id='line_1_32' title="bbox 357 2775 1688 2830; baseline -0.004 -14"><span class='ocrx_word' id='word_1_240' title='bbox 357 2793 469 2817; x_wconf 83' lang='lat' dir='ltr'><strong>unum</strong></span> <span class='ocrx_word' id='word_1_241' title='bbox 496 2780 610 2829; x_wconf 79' lang='lat' dir='ltr'><strong>refer,</strong></span> <span class='ocrx_word' id='word_1_242' title='bbox 638 2780 765 2826; x_wconf 81' lang='lat'><strong>37883</strong></span> <span class='ocrx_word' id='word_1_243' title='bbox 784 2779 864 2817; x_wconf 85' lang='lat' dir='ltr'><strong>fere</strong></span> <span class='ocrx_word' id='word_1_244' title='bbox 884 2777 986 2816; x_wconf 88' lang='lat' dir='ltr'><strong>idem</strong></span> <span class='ocrx_word' id='word_1_245' title='bbox 1004 2777 1108 2830; x_wconf 87' lang='lat' dir='ltr'><strong>apud</strong></span> <span class='ocrx_word' id='word_1_246' title='bbox 1130 2779 1258 2826; x_wconf 76' lang='lat'><strong>5292,</strong></span> <span class='ocrx_word' id='word_1_247' title='bbox 1279 2777 1382 2819; x_wconf 74' lang='lat'>5318</span> <span class='ocrx_word' id='word_1_248' title='bbox 1396 2805 1407 2824; x_wconf 91' lang='lat'><strong>,</strong></span> <span class='ocrx_word' id='word_1_249' title='bbox 1429 2776 1548 2823; x_wconf 81' lang='lat'><strong>5319,</strong></span> <span class='ocrx_word' id='word_1_250' title='bbox 1570 2775 1688 2813; x_wconf 76' lang='lat'>5341.</span> 
     </span>
    </p>

    <p class='ocr_par' dir='ltr' id='par_1_6' title="bbox 410 2842 1529 2893">
     <span class='ocr_line' id='line_1_33' title="bbox 410 2842 1529 2893; baseline -0.003 -13"><span class='ocrx_word' id='word_1_251' title='bbox 410 2845 466 2892; x_wconf 84' lang='lat'><strong>(3)</strong></span> <span class='ocrx_word' id='word_1_252' title='bbox 482 2845 586 2893; x_wconf 85' lang='lat' dir='ltr'><strong>quod</strong></span> <span class='ocrx_word' id='word_1_253' title='bbox 598 2844 728 2880; x_wconf 77' lang='lat' dir='ltr'><strong>horum</strong></span> <span class='ocrx_word' id='word_1_254' title='bbox 751 2845 992 2879; x_wconf 84' lang='lat' dir='ltr'><strong>amminiculo</strong></span> <span class='ocrx_word' id='word_1_255' title='bbox 1006 2851 1158 2891; x_wconf 78' lang='lat' dir='ltr'><strong>poterat</strong></span> <span class='ocrx_word' id='word_1_256' title='bbox 1175 2843 1389 2891; x_wconf 82' lang='lat' dir='ltr'><strong>adquirere,</strong></span> <span class='ocrx_word' id='word_1_257' title='bbox 1411 2842 1529 2878; x_wconf 79' lang='lat'><strong>3788.</strong></span> 
     </span>
    </p>
   </div>
  </div>
 </body>
</html>
