2002 3418
418 364 493 400 112
815 367 880 403 DE
912 366 1097 404 GLORIA
1130 368 1424 405 MARTYRUM.

990 515 1146 550 CAPUT
1177 516 1254 552 XL.

801 608 853 640 De
871 607 1008 641 Joanne
1029 607 1197 655 episcopo
1218 616 1252 642 et
1272 617 1436 656 martyre.

481 699 613 745 Multi
640 699 834 762 quidem
859 710 967 747 sunt
991 712 1217 766 martyres
1247 703 1375 767 apud
1400 701 1566 749 urbem
1598 704 1821 765 Romam,

417 792 621 839 quorum
651 777 856 825 historiae
886 780 1159 844 passionum
1195 780 1335 827 nobis
1366 782 1555 844 integrae
1589 797 1688 827 non
1718 792 1829 829 sunt

417 856 596 904 delatae.
618 860 687 904 De
702 861 885 906 ‚Ioanne
901 869 1059 906 tamen
1077 861 1320 925 episcopo,
1342 862 1570 925 quoniam
1587 877 1710 924 agon
1729 863 1828 924 ejus

416 934 477 980 ad
509 951 597 981 nos
627 952 775 998 usque
808 953 907 983 non
939 938 1132 984 accessit
1163 939 1388 1003 scriptus,
1421 956 1524 1003 quae
1549 956 1578 986 a
1610 938 1829 986 fidelibus

415 1012 626 1075 comperi
659 1021 814 1058 tacere
847 1013 1055 1075 nequivi.
1094 1014 1180 1060 Hic
1199 1051 1211 1074 ‚
1257 1032 1367 1061 cum
1405 1016 1467 1063 ad
1505 1015 1827 1080 episcopatum

415 1088 639 1148 venisset,
663 1105 850 1136 summo
875 1090 1032 1136 studio
1051 1090 1297 1138 haereticos
1314 1108 1558 1139 exsecrans
1572 1129 1584 1152 ‚
1611 1093 1828 1139 ecclesias

415 1179 583 1210 eorum
598 1165 647 1210 in
665 1166 921 1213 catholicas
938 1166 1190 1214 dedicavit.
1217 1169 1360 1226 Quod
1383 1186 1493 1216 cum
1513 1169 1829 1217 Theodericus

416 1256 496 1287 rex
531 1243 861 1307 comperisset,
899 1243 1058 1290 furore
1093 1261 1368 1307 succensus,
1401 1247 1513 1309 quia
1546 1256 1666 1293 esset
1694 1257 1828 1294 sectae

416 1318 597 1365 Arianae
630 1319 817 1367 deditus
831 1358 843 1382 ,
865 1321 1000 1384 jussit
1022 1314 1304 1384 gladiatores
1335 1339 1420 1387 per
1450 1320 1631 1370 Italiam
1648 1323 1824 1386 ·-dirigi‚

415 1396 496 1458 qui
519 1397 793 1444 universum
810 1408 1048 1462 quotquot
1068 1399 1356 1447 invenissent
1373 1400 1660 1447 catholicum
1677 1415 1830 1464 popu-

414 1472 514 1519 lum
525 1474 811 1536 jugularent.
832 1478 940 1522 Haec
956 1476 1154 1523 audiens
1171 1476 1338 1524 beatus
1350 1480 1557 1524 Joann‘es
1580 1476 1641 1524 ad
1670 1493 1828 1539 regem

415 1566 475 1596 ne
497 1550 597 1597 haec
623 1550 790 1598 fierent
812 1553 1148 1617 deprecaturus
1169 1554 1379 1600 accessit.
1407 1557 1563 1618 Atquo
1581 1570 1691 1601 cum
1715 1554 1828 1600 dolo

415 1639 657 1693 susceptus
690 1630 896 1693 alligavit
928 1647 1062 1692 eum,
1099 1641 1145 1678 et
1181 1632 1339 1696 posuit
1370 1633 1687 1679 in‘carcerem
1702 1668 1716 1691 ‚
1755 1633 1827 1679 di-

415 1722 550 1753 cens:
573 1710 708 1770 «Ego
723 1717 768 1754 te
784 1708 953 1755 faciam
976 1726 1035 1755 ne
1058 1708 1233 1756 audeas
1245 1720 1412 1757 contra
1427 1720 1603 1762 sectam
1618 1720 1828 1758 nostram

415 1784 616 1848 amplius
624 1786 885 1832 mussitare.
906 1806 928 1829 2>
959 1786 1142 1833 Positus
1153 1803 1266 1833 vero
1281 1797 1469 1834 sanctus
1479 1787 1566 1835 Dei
1577 1788 1627 1834 in
1641 1804 1828 1835 carcere

416 1861 556 1907 tantis
580 1862 763 1908 attritus
784 1872 854 1908 est
873 1862 1055 1926 injuriis
1078 1872 1132 1909 ut
1160 1879 1259 1909 non
1286 1873 1396 1928 post
1423 1855 1626 1910 multum
1643 1873 1828 1928 tempus

415 1938 632 2002 spiritum
663 1939 930 1999 exhalaret;
971 1939 1183 2004 obiitque
1223 1941 1273 1987 in
1309 1957 1497 1988 carcere
1533 1957 1644 1989 cum
1681 1941 1829 2004 gloria

415 2015 544 2080 apud
570 2016 736 2063 urbem
762 2019 1051 2064 Ravennam.
1091 2018 1285 2064 Domini
1317 2028 1476 2065 autem
1506 2018 1828 2066 misericordia

415 2094 571 2141 statim
607 2095 839 2141 ultionem
879 2111 1020 2159 super
1054 2110 1215 2158 regem
1254 2094 1530 2160 improbum
1568 2095 1824 2158 irrogavit3

416 2187 528 2222 nam
555 2171 712 2218 subito
736 2188 764 2219 a
786 2174 888 2218 Deo
910 2189 1175 2237 percussus,
1197 2172 1345 2237 plagis
1366 2172 1548 2235 magnis
1565 2172 1829 2219 exinanitus

416 2249 592 2295 interiit
608 2287 620 2310 ,
669 2249 966 2313 suscepitque
1018 2249 1235 2313 protinus
1277 2259 1556 2313 perpetuum
1601 2248 1827 2312 gehennae

419 2326 704 2374 flammantis
727 2323 1047 2373 incendium⁵.

470 2533 523 2581 (1)
550 2533 647 2569 Eum
665 2531 707 2568 in
724 2529 884 2568 Vulcani
902 2529 1037 2576 ollam,
1058 2543 1081 2567 a
1098 2532 1245 2568 Joanne
1268 2535 1371 2580 papa'
1393 2537 1432 2567 et
1455 2528 1684 2580 Symmacho
1701 2529 1827 2581 patri-

417 2592 476 2631 cio
510 2607 605 2644 quos
633 2593 838 2640 occiderat,
864 2593 979 2630 fuisse
1008 2592 1219 2644 projectum
1250 2592 1378 2629 retulit
1409 2592 1616 2644 Gregorius
1647 2605 1824 2644 magnus,

416 2655 482 2694 lib.
505 2659 569 2703 IV,
590 2657 739 2709 Dialog.
761 2670 846 2708 cap.
867 2671 958 2695 xxx.
981 2657 1060 2705 (R.)
