2002 3418
443 336 519 374 106
845 337 910 373 DE
937 337 1124 374 GLORIA
1152 337 1189 372 M
1195 335 1450 374 ARTYRUM.

948 494 1102 530 CAPUT
1123 494 1264 529 XXXV
1265 495 1335 531 111.

906 613 956 646 De
971 610 1198 659 Chrysantho
1214 619 1379 658 martyre.

505 731 828 796 Chrysanthus
855 742 1050 794 martyr,
1079 741 1131 777 ut
1151 730 1347 778 historia
1369 731 1600 796 passionis
1621 731 1850 794 declarat,

439 819 546 875 post
567 818 811 874 acceptam
834 808 1044 872 martyrii
1073 824 1301 855 coronam
1329 825 1440 855 cum
1471 808 1613 856 Daria
1632 806 1821 872 'virgine
1838 846 1851 870 ,

439 887 588 934 multa
622 886 811 953 populis
841 886 1097 934 sanitatum
1135 885 1370 934 beneficia
1408 885 1662 934 tribuebat.
1698 889 1756 934 Et
1789 886 1854 933 ob

438 964 532 1012 hoc
551 965 694 1012 etiam
712 974 876 1029 crypta
898 981 1040 1029 super
1073 981 1155 1012 eos
1183 966 1305 1012 miro
1338 973 1482 1031 opere
1510 964 1735 1013 fabricata
1756 975 1851 1027 est,

438 1059 542 1107 quae
557 1080 569 1104 ,
597 1043 646 1088 in
672 1058 870 1089 arcuum
893 1043 1042 1089 modo
1065 1044 1381 1103 transvoluta,
1415 1043 1682 1091 firmissima
1712 1043 1855 1092 stabi-

438 1119 567 1166 litate
585 1118 809 1166 subsistit.
834 1119 1070 1183 Denique,
1098 1136 1207 1166 cum
1224 1120 1287 1167 ad
1308 1120 1409 1183 ejus
1431 1121 1547 1168 festa
1567 1121 1855 1186 populorum

439 1196 754 1261 frequentatio
773 1196 1097 1258 confluxisset,
1120 1197 1440 1261 iniquissimus
1456 1199 1713 1262 imperator
1727 1215 1856 1246 erec·

439 1284 540 1321 tum
564 1275 615 1321 in
641 1274 764 1321 illius
791 1284 965 1339 cryptae
987 1275 1185 1321 introitu
1209 1275 1461 1340 parietem,
1491 1275 1715 1323 conclusa
1735 1277 1857 1323 mul-

438 1352 639 1399 titudine
659 1389 671 1412 ‚
711 1351 847 1415 jussit
887 1351 1037 1398 aedem
1084 1367 1228 1399 arena
1277 1367 1333 1399 ac
1371 1351 1609 1417 lapidibus
1653 1354 1853 1418 operiri,

439 1429 681 1493 factusque
713 1440 782 1476 est
817 1429 1019 1494 desuper
1057 1447 1196 1476 mons
1233 1446 1432 1493 magnus
1448 1467 1461 1491 ,
1497 1430 1641 1494 idque
1676 1441 1858 1494 gestum

439 1498 692 1554 certissime
726 1507 871 1573 ipsius
898 1507 1201 1554 manifestant
1227 1507 1399 1572 scripta
1427 1507 1712 1555 certaminis.
1742 1510 1858 1567 Quae

439 1595 603 1651 crypta
620 1584 702 1631 diu
720 1584 808 1631 sub
823 1585 920 1631 hoc
938 1585 1205 1632 velamento
1224 1586 1483 1650 permansit
1501 1595 1683 1651 operta,
1701 1585 1857 1634 donec

439 1660 553 1708 urbs
576 1663 813 1723 Romana,
837 1663 1008 1709 relictis
1037 1662 1203 1722 idolis,
1230 1663 1415 1709 Christo
1443 1663 1652 1710 Domino
1683 1662 1858 1711 subde-

438 1750 583 1787 retur.
627 1743 730 1788 Jam
745 1778 757 1802 ,
797 1740 1086 1805 procedente
1115 1751 1353 1806 tempore,
1379 1741 1498 1788 nulli
1519 1751 1618 1788 erat
1641 1742 1857 1805 cognitus

439 1818 572 1865 locus
590 1818 735 1883 ipsius
751 1819 1017 1884 sepulturae,
1041 1818 1215 1880 donec,
1234 1819 1446 1865 Domino
1469 1822 1580 1866 Jesu
1597 1820 1852 1881 revelante,

439 1897 698 1962 patefactus
729 1907 798 1943 est
831 1916 841 1943 :
873 1897 1007 1959 cujus
1038 1907 1170 1961 parte
1205 1898 1256 1943 in
1295 1913 1393 1944 una
1422 1897 1540 1958 loci,
1578 1897 1856 1962 interposito

439 1975 634 2041 pariete,
656 1975 873 2039 sepulcra
893 1985 1155 2038 martyrum
1175 1973 1459 2037 Chrysanthi
1475 1983 1523 2021 et
1537 1974 1689 2022 Dariae
1703 1991 1856 2038 segre-

441 2063 572 2116 gata3
598 2062 732 2117 parte
749 2052 798 2098 in
817 2052 925 2113 alia,
948 2061 1221 2098 sanctorum
1236 2051 1528 2114 reliquorum
1551 2050 1784 2099 cadavera
1805 2052 1854 2099 in

391 2180 395 2193 J
440 2146 590 2176 unum
613 2124 723 2176 sunt
753 2140 1055 2193 congregata.
1080 2132 1416 2175 Verumtamen
1439 2128 1617 2193 pariete
1636 2129 1718 2176 illo
1735 2166 1748 2190 ,
1773 2130 1856 2193 qui

439 2217 510 2254 est
540 2208 590 2254 in
619 2207 778 2254 medio
817 2208 1022 2273 positus,
1058 2207 1309 2253 fenestram
1343 2215 1546 2252 structor
1575 2205 1855 2270 patefactam

440 2285 629 2349 reliquit
680 2295 734 2331 ut
793 2285 856 2332 ad
907 2283 1274 2348 contemplanda
1330 2293 1602 2330 sanctorum
1653 2299 1854 2349 colpora

441 2362 595 2409 aditus
629 2361 885 2428 aspiciendi
912 2371 1187 2427 patesceret.
1224 2363 1399 2407 Ferunt
1431 2360 1573 2408 etiam
1606 2360 1755 2423 quod,
1795 2378 1854 2408 eo

441 2449 655 2504 tempore
690 2456 788 2504 quo
816 2439 879 2486 ad
911 2448 1073 2486 sancta
1106 2438 1338 2485 solemnia
1377 2437 1655 2485 accedentes
1688 2437 1855 2485 inclusi

442 2527 573 2578 sunt,
600 2534 768 2565 urceos
792 2527 1039 2581 argenteos
1058 2533 1115 2563 ex
1144 2517 1334 2564 metallo
1360 2516 1585 2564 formatos
1603 2533 1713 2564 cum
1742 2517 1855 2564 vino

442 2595 574 2658 quod
605 2595 667 2642 ad
698 2595 990 2642 oblationem
1033 2593 1248 2641 sacrificii
1283 2593 1432 2640 divini
1468 2593 1663 2641 offertur
1695 2611 1856 2642 secum

442 2671 661 2720 homines
680 2673 979 2734 detulissent,
1014 2682 1354 2736 argentumque
1377 2672 1444 2719 ibi
1462 2672 1736 2720 remansisse
1756 2688 1856 2720 ma·

444 2749 665 2797 nifestum
683 2761 769 2811 est,
787 2750 933 2814 idque
948 2750 1093 2797 hodie
1107 2766 1136 2797 a
1154 2749 1553 2815 conspicientibus
1573 2750 1720 2797 cerni.
1743 2749 1852 2810 Sed,

445 2827 557 2891 quia
580 2827 754 2891 jugiter
783 2845 917 2874 mens
945 2828 1157 2875 humana
1187 2827 1403 2893 turpibus
1431 2826 1856 2891 erubescendisque
