<?xml version="1.0" encoding="UTF-8"?>
<!DOCTYPE html PUBLIC "-//W3C//DTD XHTML 1.0 Transitional//EN"
    "http://www.w3.org/TR/xhtml1/DTD/xhtml1-transitional.dtd">
<html xmlns="http://www.w3.org/1999/xhtml" xml:lang="en" lang="en">
 <head>
  <title>
</title>
<meta http-equiv="Content-Type" content="text/html;charset=utf-8" />
  <meta name='ocr-system' content='tesseract 3.04.00' />
  <meta name='ocr-capabilities' content='ocr_page ocr_carea ocr_par ocr_line ocrx_word'/>
</head>
<body>
  <div class='ocr_page' id='page_1' title='image "./leslivresdesmira01greguoft_0172.png"; bbox 0 0 2002 3418; ppageno 0'>
   <div class='ocr_carea' id='block_1_1' title="bbox 405 371 1417 410">
    <p class='ocr_par' dir='ltr' id='par_1_1' title="bbox 405 371 1417 410">
     <span class='ocr_line' id='line_1_1' title="bbox 405 371 1417 410; baseline 0.003 -3"><span class='ocrx_word' id='word_1_1' title='bbox 405 371 482 407; x_wconf 81' lang='lat'><strong>116</strong></span> <span class='ocrx_word' id='word_1_2' title='bbox 807 373 874 409; x_wconf 85' lang='lat' dir='ltr'><strong>DE</strong></span> <span class='ocrx_word' id='word_1_3' title='bbox 902 372 1089 410; x_wconf 87' lang='lat' dir='ltr'><strong>GLORIA</strong></span> <span class='ocrx_word' id='word_1_4' title='bbox 1117 373 1417 410; x_wconf 81' lang='lat' dir='ltr'>MARTYRUM.</span> 
     </span>
    </p>
   </div>
   <div class='ocr_carea' id='block_1_2' title="bbox 389 458 1825 2704">
    <p class='ocr_par' dir='ltr' id='par_1_2' title="bbox 389 458 1825 2704">
     <span class='ocr_line' id='line_1_2' title="bbox 406 458 1822 525; baseline 0.001 -20"><span class='ocrx_word' id='word_1_5' title='bbox 406 458 608 521; x_wconf 89' lang='lat' dir='ltr'><strong>mirum,</strong></span> <span class='ocrx_word' id='word_1_6' title='bbox 643 459 682 506; x_wconf 91' lang='lat' dir='ltr'><strong>si</strong></span> <span class='ocrx_word' id='word_1_7' title='bbox 714 459 776 507; x_wconf 91' lang='lat' dir='ltr'><strong>ad</strong></span> <span class='ocrx_word' id='word_1_8' title='bbox 807 459 934 508; x_wconf 90' lang='lat' dir='ltr'><strong>hanc</strong></span> <span class='ocrx_word' id='word_1_9' title='bbox 961 460 1121 524; x_wconf 87' lang='lat' dir='ltr'><strong>fugam</strong></span> <span class='ocrx_word' id='word_1_10' title='bbox 1152 477 1252 507; x_wconf 91' lang='lat' dir='ltr'><strong>non</strong></span> <span class='ocrx_word' id='word_1_11' title='bbox 1291 459 1437 525; x_wconf 84' lang='lat' dir='ltr'>aliqui</span> <span class='ocrx_word' id='word_1_12' title='bbox 1465 458 1526 506; x_wconf 94' lang='lat' dir='ltr'><strong>de</strong></span> <span class='ocrx_word' id='word_1_13' title='bbox 1561 458 1822 507; x_wconf 88' lang='lat' dir='ltr'><strong>cultoribus</strong></span> 
     </span>
     <span class='ocr_line' id='line_1_3' title="bbox 409 536 1825 602; baseline 0 -19"><span class='ocrx_word' id='word_1_14' title='bbox 409 536 497 584; x_wconf 94' lang='lat' dir='ltr'><strong>Dei</strong></span> <span class='ocrx_word' id='word_1_15' title='bbox 523 536 722 599; x_wconf 83' lang='lat' dir='ltr'>Christi,</span> <span class='ocrx_word' id='word_1_16' title='bbox 752 554 896 602; x_wconf 90' lang='lat' dir='ltr'><strong>quem</strong></span> <span class='ocrx_word' id='word_1_17' title='bbox 921 537 1200 585; x_wconf 86' lang='lat' dir='ltr'><strong>crucifixum</strong></span> <span class='ocrx_word' id='word_1_18' title='bbox 1226 547 1462 597; x_wconf 90' lang='lat' dir='ltr'><strong>asserunt,</strong></span> <span class='ocrx_word' id='word_1_19' title='bbox 1488 538 1615 583; x_wconf 89' lang='lat' dir='ltr'>Deos</span> <span class='ocrx_word' id='word_1_20' title='bbox 1637 546 1825 584; x_wconf 90' lang='lat' dir='ltr'><strong>nostros</strong></span> 
     </span>
     <span class='ocr_line' id='line_1_4' title="bbox 404 613 1824 679; baseline 0.001 -20"><span class='ocrx_word' id='word_1_21' title='bbox 404 613 668 678; x_wconf 88' lang='lat' dir='ltr'><strong>impellant.</strong></span> <span class='ocrx_word' id='word_1_22' title='bbox 705 613 965 662; x_wconf 88' lang='lat' dir='ltr'><strong>Thuribula</strong></span> <span class='ocrx_word' id='word_1_23' title='bbox 995 615 1315 679; x_wconf 81' lang='lat' dir='ltr'><strong>thymiamatis</strong></span> <span class='ocrx_word' id='word_1_24' title='bbox 1351 613 1660 677; x_wconf 87' lang='lat' dir='ltr'><strong>refrigescunt</strong></span> <span class='ocrx_word' id='word_1_25' title='bbox 1674 650 1687 675; x_wconf 93' lang='lat'><strong>,</strong></span> <span class='ocrx_word' id='word_1_26' title='bbox 1733 629 1824 661; x_wconf 88' lang='lat' dir='ltr'><strong>arae</strong></span> 
     </span>
     <span class='ocr_line' id='line_1_5' title="bbox 402 690 1822 757; baseline 0.001 -20"><span class='ocrx_word' id='word_1_27' title='bbox 402 690 598 755; x_wconf 88' lang='lat' dir='ltr'><strong>tepescit</strong></span> <span class='ocrx_word' id='word_1_28' title='bbox 623 691 745 754; x_wconf 88' lang='lat' dir='ltr'><strong>ignis</strong></span> <span class='ocrx_word' id='word_1_29' title='bbox 775 701 821 738; x_wconf 93' lang='lat' dir='ltr'><strong>et</strong></span> <span class='ocrx_word' id='word_1_30' title='bbox 848 693 1006 757; x_wconf 90' lang='lat' dir='ltr'><strong>ipsum</strong></span> <span class='ocrx_word' id='word_1_31' title='bbox 1037 708 1230 755; x_wconf 89' lang='lat' dir='ltr'><strong>quoque</strong></span> <span class='ocrx_word' id='word_1_32' title='bbox 1259 692 1437 739; x_wconf 89' lang='lat' dir='ltr'><strong>ferrum</strong></span> <span class='ocrx_word' id='word_1_33' title='bbox 1465 691 1693 755; x_wconf 87' lang='lat' dir='ltr'><strong>injectum</strong></span> <span class='ocrx_word' id='word_1_34' title='bbox 1721 691 1822 738; x_wconf 85' lang='lat' dir='ltr'><strong>vic-</strong></span> 
     </span>
     <span class='ocr_line' id='line_1_6' title="bbox 398 767 1823 834; baseline 0 -20"><span class='ocrx_word' id='word_1_35' title='bbox 398 767 525 815; x_wconf 90' lang='lat' dir='ltr'><strong>timis</strong></span> <span class='ocrx_word' id='word_1_36' title='bbox 546 767 761 815; x_wconf 85' lang='lat' dir='ltr'><strong>hebetari</strong></span> <span class='ocrx_word' id='word_1_37' title='bbox 783 769 1089 834; x_wconf 87' lang='lat' dir='ltr'><strong>conspicitur.</strong></span> <span class='ocrx_word' id='word_1_38' title='bbox 1114 769 1316 833; x_wconf 86' lang='lat' dir='ltr'><strong>Require</strong></span> <span class='ocrx_word' id='word_1_39' title='bbox 1334 785 1486 830; x_wconf 91' lang='lat' dir='ltr'><strong>nunc,</strong></span> <span class='ocrx_word' id='word_1_40' title='bbox 1513 767 1823 815; x_wconf 86' lang='lat' dir='ltr'><strong>sacratissime</strong></span> 
     </span>
     <span class='ocr_line' id='line_1_7' title="bbox 400 845 1825 912; baseline 0.001 -21"><span class='ocrx_word' id='word_1_41' title='bbox 400 846 627 908; x_wconf 85' lang='lat' dir='ltr'><strong>Auguste,</strong></span> <span class='ocrx_word' id='word_1_42' title='bbox 652 846 758 909; x_wconf 92' lang='lat' dir='ltr'><strong>quis</strong></span> <span class='ocrx_word' id='word_1_43' title='bbox 780 856 922 909; x_wconf 88' lang='lat' dir='ltr'><strong>astet,</strong></span> <span class='ocrx_word' id='word_1_44' title='bbox 952 847 1035 912; x_wconf 92' lang='lat' dir='ltr'><strong>qui</strong></span> <span class='ocrx_word' id='word_1_45' title='bbox 1058 846 1270 908; x_wconf 90' lang='lat' dir='ltr'><strong>ablutus,</strong></span> <span class='ocrx_word' id='word_1_46' title='bbox 1305 845 1520 894; x_wconf 89' lang='lat' dir='ltr'><strong>balsamo</strong></span> <span class='ocrx_word' id='word_1_47' title='bbox 1549 854 1744 907; x_wconf 88' lang='lat' dir='ltr'><strong>unctus,</strong></span> <span class='ocrx_word' id='word_1_48' title='bbox 1777 853 1825 892; x_wconf 90' lang='lat' dir='ltr'><strong>et</strong></span> 
     </span>
     <span class='ocr_line' id='line_1_8' title="bbox 401 922 1820 989; baseline -0.001 -19"><span class='ocrx_word' id='word_1_49' title='bbox 401 922 628 971; x_wconf 88' lang='lat' dir='ltr'><strong>abscedat</strong></span> <span class='ocrx_word' id='word_1_50' title='bbox 660 925 879 989; x_wconf 91' lang='lat' dir='ltr'><strong>protinus</strong></span> <span class='ocrx_word' id='word_1_51' title='bbox 908 936 962 972; x_wconf 93' lang='lat' dir='ltr'><strong>ut</strong></span> <span class='ocrx_word' id='word_1_52' title='bbox 984 925 1215 972; x_wconf 89' lang='lat' dir='ltr'><strong>accedant</strong></span> <span class='ocrx_word' id='word_1_53' title='bbox 1238 926 1316 972; x_wconf 90' lang='lat' dir='ltr'><strong>Dii</strong></span> <span class='ocrx_word' id='word_1_54' title='bbox 1336 941 1457 988; x_wconf 91' lang='lat' dir='ltr'><strong>quos</strong></span> <span class='ocrx_word' id='word_1_55' title='bbox 1478 925 1775 971; x_wconf 84' lang='lat' dir='ltr'><strong>invocamus.</strong></span> <span class='ocrx_word' id='word_1_56' title='bbox 1796 944 1820 967; x_wconf 71' lang='lat'><strong>&gt;2</strong></span> 
     </span>
     <span class='ocr_line' id='line_1_9' title="bbox 398 1001 1823 1067; baseline 0.001 -20"><span class='ocrx_word' id='word_1_57' title='bbox 398 1004 456 1047; x_wconf 89' lang='lat' dir='ltr'><strong>Et</strong></span> <span class='ocrx_word' id='word_1_58' title='bbox 476 1001 578 1048; x_wconf 89' lang='lat' dir='ltr'><strong>haec</strong></span> <span class='ocrx_word' id='word_1_59' title='bbox 600 1001 790 1063; x_wconf 91' lang='lat' dir='ltr'><strong>dicens,</strong></span> <span class='ocrx_word' id='word_1_60' title='bbox 822 1018 878 1049; x_wconf 92' lang='lat' dir='ltr'><strong>ac</strong></span> <span class='ocrx_word' id='word_1_61' title='bbox 907 1003 946 1049; x_wconf 92' lang='lat' dir='ltr'><strong>si</strong></span> <span class='ocrx_word' id='word_1_62' title='bbox 969 1004 1126 1067; x_wconf 90' lang='lat' dir='ltr'><strong>ipsum</strong></span> <span class='ocrx_word' id='word_1_63' title='bbox 1148 1013 1363 1050; x_wconf 90' lang='lat' dir='ltr'><strong>cerneret</strong></span> <span class='ocrx_word' id='word_1_64' title='bbox 1389 1002 1449 1049; x_wconf 93' lang='lat' dir='ltr'><strong>de</strong></span> <span class='ocrx_word' id='word_1_65' title='bbox 1477 1002 1551 1049; x_wconf 93' lang='lat' dir='ltr'><strong>his</strong></span> <span class='ocrx_word' id='word_1_66' title='bbox 1583 1002 1823 1049; x_wconf 87' lang='lat' dir='ltr'><strong>Christum</strong></span> 
     </span>
     <span class='ocr_line' id='line_1_10' title="bbox 395 1076 1822 1144; baseline 0.001 -20"><span class='ocrx_word' id='word_1_67' title='bbox 395 1079 626 1139; x_wconf 89' lang='lat' dir='ltr'><strong>ultorem,</strong></span> <span class='ocrx_word' id='word_1_68' title='bbox 660 1079 916 1143; x_wconf 89' lang='lat' dir='ltr'><strong>procidens</strong></span> <span class='ocrx_word' id='word_1_69' title='bbox 947 1079 1009 1128; x_wconf 90' lang='lat' dir='ltr'><strong>ad</strong></span> <span class='ocrx_word' id='word_1_70' title='bbox 1032 1090 1208 1128; x_wconf 89' lang='lat' dir='ltr'><strong>terram</strong></span> <span class='ocrx_word' id='word_1_71' title='bbox 1246 1080 1475 1127; x_wconf 82' lang='lat' dir='ltr'><strong>exanimis</strong></span> <span class='ocrx_word' id='word_1_72' title='bbox 1503 1079 1687 1126; x_wconf 82' lang='lat' dir='ltr'><strong>offensa</strong></span> <span class='ocrx_word' id='word_1_73' title='bbox 1714 1076 1822 1144; x_wconf 81' lang='lat' dir='ltr'><strong>pro-</strong></span> 
     </span>
     <span class='ocr_line' id='line_1_11' title="bbox 400 1156 1822 1222; baseline 0.001 -19"><span class='ocrx_word' id='word_1_74' title='bbox 400 1156 573 1204; x_wconf 88' lang='lat' dir='ltr'><strong>clamat</strong></span> <span class='ocrx_word' id='word_1_75' title='bbox 597 1157 814 1204; x_wconf 88' lang='lat' dir='ltr'><strong>numina.</strong></span> <span class='ocrx_word' id='word_1_76' title='bbox 840 1160 972 1204; x_wconf 89' lang='lat' dir='ltr'><strong>Tunc</strong></span> <span class='ocrx_word' id='word_1_77' title='bbox 996 1167 1043 1204; x_wconf 88' lang='lat' dir='ltr'><strong>et</strong></span> <span class='ocrx_word' id='word_1_78' title='bbox 1060 1158 1160 1222; x_wconf 91' lang='lat' dir='ltr'><strong>ipse</strong></span> <span class='ocrx_word' id='word_1_79' title='bbox 1185 1158 1461 1222; x_wconf 88' lang='lat' dir='ltr'><strong>imperator,</strong></span> <span class='ocrx_word' id='word_1_80' title='bbox 1480 1157 1700 1222; x_wconf 90' lang='lat' dir='ltr'><strong>deposito</strong></span> <span class='ocrx_word' id='word_1_81' title='bbox 1719 1157 1822 1204; x_wconf 85' lang='lat' dir='ltr'><strong>dia-</strong></span> 
     </span>
     <span class='ocr_line' id='line_1_12' title="bbox 402 1233 1823 1295; baseline 0.001 -15"><span class='ocrx_word' id='word_1_82' title='bbox 402 1233 609 1295; x_wconf 86' lang='lat' dir='ltr'><strong>demate,</strong></span> <span class='ocrx_word' id='word_1_83' title='bbox 637 1235 702 1282; x_wconf 89' lang='lat' dir='ltr'><strong>ait</strong></span> <span class='ocrx_word' id='word_1_84' title='bbox 724 1253 734 1281; x_wconf 89' lang='lat'><strong>:</strong></span> <span class='ocrx_word' id='word_1_85' title='bbox 763 1254 786 1279; x_wconf 75' lang='grc' dir='ltr'>α</span> <span class='ocrx_word' id='word_1_86' title='bbox 807 1236 925 1292; x_wconf 90' lang='lat' dir='ltr'><strong>Quis</strong></span> <span class='ocrx_word' id='word_1_87' title='bbox 947 1245 1016 1282; x_wconf 91' lang='lat' dir='ltr'><strong>est</strong></span> <span class='ocrx_word' id='word_1_88' title='bbox 1035 1235 1115 1282; x_wconf 92' lang='lat' dir='ltr'><strong>hic</strong></span> <span class='ocrx_word' id='word_1_89' title='bbox 1138 1235 1417 1283; x_wconf 89' lang='lat' dir='ltr'><strong>numinibus</strong></span> <span class='ocrx_word' id='word_1_90' title='bbox 1438 1235 1612 1281; x_wconf 86' lang='lat' dir='ltr'><strong>nostris</strong></span> <span class='ocrx_word' id='word_1_91' title='bbox 1633 1244 1823 1282; x_wconf 86' lang='lat' dir='ltr'><strong>contra-</strong></span> 
     </span>
     <span class='ocr_line' id='line_1_13' title="bbox 393 1311 1824 1376; baseline 0 -19"><span class='ocrx_word' id='word_1_92' title='bbox 393 1311 491 1358; x_wconf 91' lang='lat' dir='ltr'><strong>rius</strong></span> <span class='ocrx_word' id='word_1_93' title='bbox 543 1328 598 1359; x_wconf 91' lang='lat' dir='ltr'><strong>ac</strong></span> <span class='ocrx_word' id='word_1_94' title='bbox 647 1313 889 1375; x_wconf 85' lang='lat' dir='ltr'><strong>religionis</strong></span> <span class='ocrx_word' id='word_1_95' title='bbox 930 1313 1195 1361; x_wconf 81' lang='lat' dir='ltr'><strong>christianae</strong></span> <span class='ocrx_word' id='word_1_96' title='bbox 1238 1313 1394 1360; x_wconf 90' lang='lat' dir='ltr'><strong>socius</strong></span> <span class='ocrx_word' id='word_1_97' title='bbox 1410 1350 1422 1374; x_wconf 91' lang='lat'><strong>,</strong></span> <span class='ocrx_word' id='word_1_98' title='bbox 1477 1312 1560 1376; x_wconf 90' lang='lat' dir='ltr'><strong>qui</strong></span> <span class='ocrx_word' id='word_1_99' title='bbox 1618 1311 1824 1358; x_wconf 88' lang='lat' dir='ltr'><strong>frontem</strong></span> 
     </span>
     <span class='ocr_line' id='line_1_14' title="bbox 389 1388 1823 1456; baseline 0 -21"><span class='ocrx_word' id='word_1_100' title='bbox 389 1388 657 1437; x_wconf 88' lang='lat' dir='ltr'><strong>chrismatis</strong></span> <span class='ocrx_word' id='word_1_101' title='bbox 722 1391 1035 1456; x_wconf 90' lang='lat' dir='ltr'><strong>inscriptione</strong></span> <span class='ocrx_word' id='word_1_102' title='bbox 1088 1392 1322 1455; x_wconf 85' lang='lat' dir='ltr'><strong>signatam</strong></span> <span class='ocrx_word' id='word_1_103' title='bbox 1373 1390 1491 1437; x_wconf 85' lang='lat' dir='ltr'><strong>serat</strong></span> <span class='ocrx_word' id='word_1_104' title='bbox 1544 1390 1823 1453; x_wconf 89' lang='lat' dir='ltr'><strong>lignumque</strong></span> 
     </span>
     <span class='ocr_line' id='line_1_15' title="bbox 393 1465 1823 1516; baseline 0 -4"><span class='ocrx_word' id='word_1_105' title='bbox 393 1467 548 1514; x_wconf 86' lang='lat' dir='ltr'><strong>crucis</strong></span> <span class='ocrx_word' id='word_1_106' title='bbox 582 1468 787 1515; x_wconf 81' lang='lat' dir='ltr'><strong>adoret?</strong></span> <span class='ocrx_word' id='word_1_107' title='bbox 825 1486 886 1516; x_wconf 92' lang='lat' dir='ltr'><strong>ne</strong></span> <span class='ocrx_word' id='word_1_108' title='bbox 922 1479 1137 1516; x_wconf 83' lang='lat' dir='ltr'><strong>moretur</strong></span> <span class='ocrx_word' id='word_1_109' title='bbox 1158 1469 1361 1516; x_wconf 89' lang='lat' dir='ltr'><strong>edicere.</strong></span> <span class='ocrx_word' id='word_1_110' title='bbox 1403 1488 1426 1512; x_wconf 73' lang='lat' dir='ltr'><strong>&lt;c</strong></span> <span class='ocrx_word' id='word_1_111' title='bbox 1458 1470 1590 1514; x_wconf 93' lang='lat' dir='ltr'><strong>Tunc</strong></span> <span class='ocrx_word' id='word_1_112' title='bbox 1613 1483 1739 1513; x_wconf 90' lang='lat' dir='ltr'><strong>unus</strong></span> <span class='ocrx_word' id='word_1_113' title='bbox 1763 1465 1823 1513; x_wconf 89' lang='lat' dir='ltr'><strong>de</strong></span> 
     </span>
     <span class='ocr_line' id='line_1_16' title="bbox 399 1545 1825 1612; baseline -0.001 -20"><span class='ocrx_word' id='word_1_114' title='bbox 399 1546 645 1609; x_wconf 89' lang='lat' dir='ltr'><strong>armigeris</strong></span> <span class='ocrx_word' id='word_1_115' title='bbox 678 1547 887 1610; x_wconf 80' lang='lat' dir='ltr'><strong>Augusti,</strong></span> <span class='ocrx_word' id='word_1_116' title='bbox 930 1547 980 1593; x_wconf 91' lang='lat' dir='ltr'><strong>in</strong></span> <span class='ocrx_word' id='word_1_117' title='bbox 1021 1547 1182 1594; x_wconf 90' lang='lat' dir='ltr'><strong>medio</strong></span> <span class='ocrx_word' id='word_1_118' title='bbox 1213 1547 1413 1612; x_wconf 88' lang='lat' dir='ltr'><strong>positus,</strong></span> <span class='ocrx_word' id='word_1_119' title='bbox 1452 1545 1652 1610; x_wconf 88' lang='lat' dir='ltr'><strong>projecit</strong></span> <span class='ocrx_word' id='word_1_120' title='bbox 1691 1560 1825 1592; x_wconf 90' lang='lat' dir='ltr'><strong>arma</strong></span> 
     </span>
     <span class='ocr_line' id='line_1_17' title="bbox 390 1621 1823 1689; baseline -0.002 -18"><span class='ocrx_word' id='word_1_121' title='bbox 390 1623 513 1686; x_wconf 83' lang='lat' dir='ltr'><strong>solo,</strong></span> <span class='ocrx_word' id='word_1_122' title='bbox 538 1635 586 1671; x_wconf 89' lang='lat' dir='ltr'><strong>et</strong></span> <span class='ocrx_word' id='word_1_123' title='bbox 607 1626 672 1672; x_wconf 89' lang='lat' dir='ltr'><strong>ait</strong></span> <span class='ocrx_word' id='word_1_124' title='bbox 695 1644 705 1673; x_wconf 92' lang='lat'><strong>:</strong></span> <span class='ocrx_word' id='word_1_125' title='bbox 734 1646 756 1668; x_wconf 90' lang='lat'>«</span> <span class='ocrx_word' id='word_1_126' title='bbox 780 1628 880 1688; x_wconf 86' lang='lat' dir='ltr'><strong>Ego</strong></span> <span class='ocrx_word' id='word_1_127' title='bbox 905 1642 1029 1687; x_wconf 89' lang='lat' dir='ltr'><strong>sum,</strong></span> <span class='ocrx_word' id='word_1_128' title='bbox 1048 1626 1183 1689; x_wconf 90' lang='lat' dir='ltr'><strong>cujus</strong></span> <span class='ocrx_word' id='word_1_129' title='bbox 1206 1628 1333 1672; x_wconf 89' lang='lat' dir='ltr'><strong>Deus</strong></span> <span class='ocrx_word' id='word_1_130' title='bbox 1352 1625 1563 1671; x_wconf 90' lang='lat' dir='ltr'><strong>Christus</strong></span> <span class='ocrx_word' id='word_1_131' title='bbox 1575 1633 1664 1684; x_wconf 88' lang='lat' dir='ltr'><strong>est,</strong></span> <span class='ocrx_word' id='word_1_132' title='bbox 1680 1632 1727 1669; x_wconf 92' lang='lat' dir='ltr'><strong>et</strong></span> <span class='ocrx_word' id='word_1_133' title='bbox 1739 1621 1823 1685; x_wconf 92' lang='lat' dir='ltr'><strong>qui</strong></span> 
     </span>
     <span class='ocr_line' id='line_1_18' title="bbox 393 1699 1823 1768; baseline -0.002 -19"><span class='ocrx_word' id='word_1_134' title='bbox 393 1702 494 1765; x_wconf 90' lang='lat' dir='ltr'><strong>ejus</strong></span> <span class='ocrx_word' id='word_1_135' title='bbox 519 1701 760 1768; x_wconf 87' lang='lat' dir='ltr'><strong>baptismo</strong></span> <span class='ocrx_word' id='word_1_136' title='bbox 790 1703 981 1751; x_wconf 89' lang='lat' dir='ltr'><strong>ablutus</strong></span> <span class='ocrx_word' id='word_1_137' title='bbox 1009 1713 1054 1750; x_wconf 95' lang='lat' dir='ltr'><strong>et</strong></span> <span class='ocrx_word' id='word_1_138' title='bbox 1078 1719 1220 1750; x_wconf 90' lang='lat' dir='ltr'><strong>cruce</strong></span> <span class='ocrx_word' id='word_1_139' title='bbox 1250 1703 1526 1767; x_wconf 91' lang='lat' dir='ltr'><strong>redemptus</strong></span> <span class='ocrx_word' id='word_1_140' title='bbox 1568 1718 1700 1761; x_wconf 88' lang='lat' dir='ltr'><strong>sum;</strong></span> <span class='ocrx_word' id='word_1_141' title='bbox 1738 1699 1823 1764; x_wconf 91' lang='lat' dir='ltr'><strong>qui</strong></span> 
     </span>
     <span class='ocr_line' id='line_1_19' title="bbox 391 1777 1822 1846; baseline -0.001 -20"><span class='ocrx_word' id='word_1_142' title='bbox 391 1796 579 1846; x_wconf 91' lang='lat' dir='ltr'><strong>semper</strong></span> <span class='ocrx_word' id='word_1_143' title='bbox 601 1781 702 1845; x_wconf 92' lang='lat' dir='ltr'><strong>ejus</strong></span> <span class='ocrx_word' id='word_1_144' title='bbox 723 1798 902 1829; x_wconf 92' lang='lat' dir='ltr'><strong>nomen</strong></span> <span class='ocrx_word' id='word_1_145' title='bbox 923 1780 1226 1843; x_wconf 84' lang='lat' dir='ltr'><strong>invocabam,</strong></span> <span class='ocrx_word' id='word_1_146' title='bbox 1253 1781 1370 1828; x_wconf 92' lang='lat' dir='ltr'><strong>dum</strong></span> <span class='ocrx_word' id='word_1_147' title='bbox 1395 1778 1661 1827; x_wconf 88' lang='lat' dir='ltr'><strong>sacerdotes</strong></span> <span class='ocrx_word' id='word_1_148' title='bbox 1680 1777 1822 1825; x_wconf 87' lang='lat' dir='ltr'><strong>vestri</strong></span> 
     </span>
     <span class='ocr_line' id='line_1_20' title="bbox 394 1856 1821 1924; baseline -0.001 -20"><span class='ocrx_word' id='word_1_149' title='bbox 394 1857 627 1906; x_wconf 89' lang='lat' dir='ltr'><strong>daemonis</strong></span> <span class='ocrx_word' id='word_1_150' title='bbox 656 1858 758 1907; x_wconf 89' lang='lat' dir='ltr'><strong>haec</strong></span> <span class='ocrx_word' id='word_1_151' title='bbox 789 1876 894 1923; x_wconf 90' lang='lat' dir='ltr'><strong>quae</strong></span> <span class='ocrx_word' id='word_1_152' title='bbox 925 1870 1035 1906; x_wconf 91' lang='lat' dir='ltr'><strong>sunt</strong></span> <span class='ocrx_word' id='word_1_153' title='bbox 1069 1860 1287 1924; x_wconf 89' lang='lat' dir='ltr'><strong>apposita</strong></span> <span class='ocrx_word' id='word_1_154' title='bbox 1321 1866 1669 1905; x_wconf 88' lang='lat' dir='ltr'><strong>consecrarent.</strong></span> <span class='ocrx_word' id='word_1_155' title='bbox 1709 1856 1821 1919; x_wconf 87' lang='lat' dir='ltr'><strong>Ejus</strong></span> 
     </span>
     <span class='ocr_line' id='line_1_21' title="bbox 396 1935 1816 2002; baseline -0.001 -20"><span class='ocrx_word' id='word_1_156' title='bbox 396 1939 576 1983; x_wconf 79' lang='lat' dir='ltr'><strong>nomen</strong></span> <span class='ocrx_word' id='word_1_157' title='bbox 594 1936 781 2000; x_wconf 87' lang='lat' dir='ltr'><strong>fugiunt</strong></span> <span class='ocrx_word' id='word_1_158' title='bbox 796 1938 874 1984; x_wconf 94' lang='lat' dir='ltr'><strong>Dii</strong></span> <span class='ocrx_word' id='word_1_159' title='bbox 886 1938 1046 1998; x_wconf 86' lang='lat' dir='ltr'><strong>vestri,</strong></span> <span class='ocrx_word' id='word_1_160' title='bbox 1063 1954 1152 1984; x_wconf 90' lang='lat' dir='ltr'><strong>nec</strong></span> <span class='ocrx_word' id='word_1_161' title='bbox 1165 1946 1365 2002; x_wconf 90' lang='lat' dir='ltr'><strong>possunt</strong></span> <span class='ocrx_word' id='word_1_162' title='bbox 1382 1936 1431 1982; x_wconf 91' lang='lat' dir='ltr'><strong>in</strong></span> <span class='ocrx_word' id='word_1_163' title='bbox 1448 1935 1558 1982; x_wconf 93' lang='lat' dir='ltr'><strong>loco</strong></span> <span class='ocrx_word' id='word_1_164' title='bbox 1575 1935 1658 1981; x_wconf 89' lang='lat' dir='ltr'><strong>illo</strong></span> <span class='ocrx_word' id='word_1_165' title='bbox 1675 1943 1816 1995; x_wconf 88' lang='lat' dir='ltr'><strong>stare,</strong></span> 
     </span>
     <span class='ocr_line' id='line_1_22' title="bbox 391 2013 1819 2080; baseline -0.002 -20"><span class='ocrx_word' id='word_1_166' title='bbox 391 2013 473 2061; x_wconf 92' lang='lat' dir='ltr'><strong>ubi</strong></span> <span class='ocrx_word' id='word_1_167' title='bbox 499 2025 641 2063; x_wconf 86' lang='lat' dir='ltr'><strong>tantae</strong></span> <span class='ocrx_word' id='word_1_168' title='bbox 665 2017 921 2080; x_wconf 88' lang='lat' dir='ltr'><strong>majestatis</strong></span> <span class='ocrx_word' id='word_1_169' title='bbox 949 2032 1130 2062; x_wconf 89' lang='lat' dir='ltr'><strong>nomen</strong></span> <span class='ocrx_word' id='word_1_170' title='bbox 1152 2015 1291 2062; x_wconf 85' lang='lat' dir='ltr'><strong>fuerit</strong></span> <span class='ocrx_word' id='word_1_171' title='bbox 1316 2015 1607 2061; x_wconf 90' lang='lat' dir='ltr'><strong>invocatum.</strong></span> <span class='ocrx_word' id='word_1_172' title='bbox 1643 2032 1666 2057; x_wconf 76' lang='grc' dir='ltr'><strong>υ</strong></span> <span class='ocrx_word' id='word_1_173' title='bbox 1708 2014 1819 2058; x_wconf 88' lang='lat' dir='ltr'><strong>Haec</strong></span> 
     </span>
     <span class='ocr_line' id='line_1_23' title="bbox 394 2092 1819 2159; baseline -0.001 -21"><span class='ocrx_word' id='word_1_174' title='bbox 394 2092 583 2140; x_wconf 88' lang='lat' dir='ltr'><strong>dicente</strong></span> <span class='ocrx_word' id='word_1_175' title='bbox 605 2111 774 2158; x_wconf 91' lang='lat' dir='ltr'><strong>puero,</strong></span> <span class='ocrx_word' id='word_1_176' title='bbox 798 2093 1153 2159; x_wconf 87' lang='lat' dir='ltr'><strong>obstupefactus</strong></span> <span class='ocrx_word' id='word_1_177' title='bbox 1171 2093 1431 2157; x_wconf 90' lang='lat' dir='ltr'><strong>imperator</strong></span> <span class='ocrx_word' id='word_1_178' title='bbox 1452 2101 1500 2139; x_wconf 88' lang='lat' dir='ltr'><strong>et</strong></span> <span class='ocrx_word' id='word_1_179' title='bbox 1520 2101 1727 2138; x_wconf 91' lang='lat' dir='ltr'><strong>tremens</strong></span> <span class='ocrx_word' id='word_1_180' title='bbox 1747 2105 1819 2136; x_wconf 90' lang='lat' dir='ltr'><strong>re·</strong></span> 
     </span>
     <span class='ocr_line' id='line_1_24' title="bbox 392 2170 1818 2237; baseline -0.001 -21"><span class='ocrx_word' id='word_1_181' title='bbox 392 2170 532 2233; x_wconf 89' lang='lat' dir='ltr'><strong>liquit</strong></span> <span class='ocrx_word' id='word_1_182' title='bbox 552 2173 785 2237; x_wconf 88' lang='lat' dir='ltr'><strong>templum</strong></span> <span class='ocrx_word' id='word_1_183' title='bbox 813 2172 1179 2232; x_wconf 80' lang='lat' dir='ltr'><strong>daemoniorum,</strong></span> <span class='ocrx_word' id='word_1_184' title='bbox 1199 2181 1451 2234; x_wconf 90' lang='lat' dir='ltr'><strong>tantusque</strong></span> <span class='ocrx_word' id='word_1_185' title='bbox 1474 2185 1641 2217; x_wconf 91' lang='lat' dir='ltr'><strong>omnes</strong></span> <span class='ocrx_word' id='word_1_186' title='bbox 1661 2178 1818 2216; x_wconf 86' lang='lat' dir='ltr'><strong>astan-</strong></span> 
     </span>
     <span class='ocr_line' id='line_1_25' title="bbox 392 2246 1816 2311; baseline -0.002 -16"><span class='ocrx_word' id='word_1_187' title='bbox 392 2258 462 2296; x_wconf 83' lang='lat' dir='ltr'><strong>tes</strong></span> <span class='ocrx_word' id='word_1_188' title='bbox 497 2251 583 2297; x_wconf 86' lang='lat' dir='ltr'><strong>Dei</strong></span> <span class='ocrx_word' id='word_1_189' title='bbox 621 2251 765 2297; x_wconf 88' lang='lat' dir='ltr'><strong>timor</strong></span> <span class='ocrx_word' id='word_1_190' title='bbox 803 2251 1023 2298; x_wconf 90' lang='lat' dir='ltr'><strong>accendit</strong></span> <span class='ocrx_word' id='word_1_191' title='bbox 1055 2259 1109 2296; x_wconf 91' lang='lat' dir='ltr'><strong>ut</strong></span> <span class='ocrx_word' id='word_1_192' title='bbox 1139 2249 1298 2296; x_wconf 89' lang='lat' dir='ltr'><strong>nuHus</strong></span> <span class='ocrx_word' id='word_1_193' title='bbox 1339 2252 1598 2310; x_wconf 87' lang='lat' dir='ltr'><strong>Augustum</strong></span> <span class='ocrx_word' id='word_1_194' title='bbox 1634 2246 1696 2294; x_wconf 90' lang='lat' dir='ltr'><strong>ad</strong></span> <span class='ocrx_word' id='word_1_195' title='bbox 1730 2262 1816 2311; x_wconf 90' lang='lat' dir='ltr'><strong>pa-</strong></span> 
     </span>
     <span class='ocr_line' id='line_1_26' title="bbox 392 2323 1816 2392; baseline -0.002 -20"><span class='ocrx_word' id='word_1_196' title='bbox 392 2326 558 2374; x_wconf 87' lang='lat' dir='ltr'><strong>latium</strong></span> <span class='ocrx_word' id='word_1_197' title='bbox 599 2339 899 2392; x_wconf 88' lang='lat' dir='ltr'><strong>sequeretur,</strong></span> <span class='ocrx_word' id='word_1_198' title='bbox 952 2328 1036 2375; x_wconf 91' lang='lat' dir='ltr'><strong>sed</strong></span> <span class='ocrx_word' id='word_1_199' title='bbox 1079 2328 1267 2383; x_wconf 90' lang='lat' dir='ltr'><strong>cuncti,</strong></span> <span class='ocrx_word' id='word_1_200' title='bbox 1311 2325 1477 2372; x_wconf 90' lang='lat' dir='ltr'><strong>erectis</strong></span> <span class='ocrx_word' id='word_1_201' title='bbox 1523 2324 1583 2371; x_wconf 89' lang='lat' dir='ltr'><strong>ad</strong></span> <span class='ocrx_word' id='word_1_202' title='bbox 1640 2323 1816 2371; x_wconf 87' lang='lat' dir='ltr'><strong>coelum</strong></span> 
     </span>
     <span class='ocr_line' id='line_1_27' title="bbox 391 2404 1816 2469; baseline -0.004 -17"><span class='ocrx_word' id='word_1_203' title='bbox 391 2407 562 2469; x_wconf 90' lang='lat' dir='ltr'><strong>palmis</strong></span> <span class='ocrx_word' id='word_1_204' title='bbox 585 2418 632 2455; x_wconf 90' lang='lat' dir='ltr'><strong>et</strong></span> <span class='ocrx_word' id='word_1_205' title='bbox 656 2408 807 2455; x_wconf 91' lang='lat' dir='ltr'><strong>oculis</strong></span> <span class='ocrx_word' id='word_1_206' title='bbox 820 2446 832 2469; x_wconf 91' lang='lat'><strong>,</strong></span> <span class='ocrx_word' id='word_1_207' title='bbox 859 2407 1122 2454; x_wconf 91' lang='lat' dir='ltr'><strong>Dominum</strong></span> <span class='ocrx_word' id='word_1_208' title='bbox 1141 2404 1381 2452; x_wconf 90' lang='lat' dir='ltr'><strong>Christum</strong></span> <span class='ocrx_word' id='word_1_209' title='bbox 1401 2418 1501 2449; x_wconf 92' lang='lat' dir='ltr'><strong>uno</strong></span> <span class='ocrx_word' id='word_1_210' title='bbox 1518 2418 1601 2449; x_wconf 91' lang='lat' dir='ltr'><strong>ore</strong></span> <span class='ocrx_word' id='word_1_211' title='bbox 1619 2409 1816 2465; x_wconf 87' lang='lat' dir='ltr'><strong>unoque</strong></span> 
     </span>
     <span class='ocr_line' id='line_1_28' title="bbox 395 2479 1817 2547; baseline -0.003 -19"><span class='ocrx_word' id='word_1_212' title='bbox 395 2499 632 2532; x_wconf 88' lang='lat' dir='ltr'><strong>consensu</strong></span> <span class='ocrx_word' id='word_1_213' title='bbox 652 2485 937 2546; x_wconf 83' lang='lat' dir='ltr'><strong>laudabant,</strong></span> <span class='ocrx_word' id='word_1_214' title='bbox 960 2494 1101 2547; x_wconf 88' lang='lat' dir='ltr'><strong>atque</strong></span> <span class='ocrx_word' id='word_1_215' title='bbox 1119 2492 1172 2528; x_wconf 90' lang='lat' dir='ltr'><strong>ut</strong></span> <span class='ocrx_word' id='word_1_216' title='bbox 1187 2481 1367 2528; x_wconf 91' lang='lat' dir='ltr'><strong>eisdem</strong></span> <span class='ocrx_word' id='word_1_217' title='bbox 1389 2480 1579 2544; x_wconf 87' lang='lat' dir='ltr'><strong>adjutor</strong></span> <span class='ocrx_word' id='word_1_218' title='bbox 1599 2479 1817 2526; x_wconf 80' lang='lat' dir='ltr'><strong>existeret</strong></span> 
     </span>
     <span class='ocr_line' id='line_1_29' title="bbox 391 2556 1814 2628; baseline -0.003 -22"><span class='ocrx_word' id='word_1_219' title='bbox 391 2576 510 2608; x_wconf 84' lang='lat' dir='ltr'><strong>voce</strong></span> <span class='ocrx_word' id='word_1_220' title='bbox 532 2564 734 2628; x_wconf 87' lang='lat' dir='ltr'><strong>supplici</strong></span> <span class='ocrx_word' id='word_1_221' title='bbox 753 2561 1058 2609; x_wconf 85' lang='lat' dir='ltr'><strong>invocabant.</strong></span> <span class='ocrx_word' id='word_1_222' title='bbox 1087 2563 1203 2617; x_wconf 84' lang='lat' dir='ltr'><strong>Quae</strong></span> <span class='ocrx_word' id='word_1_223' title='bbox 1222 2559 1405 2619; x_wconf 84' lang='lat' dir='ltr'><strong>relatio,</strong></span> <span class='ocrx_word' id='word_1_224' title='bbox 1429 2574 1489 2604; x_wconf 93' lang='lat' dir='ltr'><strong>ne</strong></span> <span class='ocrx_word' id='word_1_225' title='bbox 1509 2557 1588 2604; x_wconf 89' lang='lat' dir='ltr'><strong>cui</strong></span> <span class='ocrx_word' id='word_1_226' title='bbox 1608 2556 1814 2604; x_wconf 87' lang='lat' dir='ltr'><strong>fortassis</strong></span> 
     </span>
     <span class='ocr_line' id='line_1_30' title="bbox 392 2630 1807 2704; baseline -0.001 -23"><span class='ocrx_word' id='word_1_227' title='bbox 392 2637 609 2685; x_wconf 77' lang='lat' dir='ltr'><strong>videatur</strong></span> <span class='ocrx_word' id='word_1_228' title='bbox 634 2640 904 2701; x_wconf 91' lang='lat' dir='ltr'><strong>incredula,</strong></span> <span class='ocrx_word' id='word_1_229' title='bbox 934 2654 1113 2704; x_wconf 89' lang='lat' dir='ltr'><strong>paucos</strong></span> <span class='ocrx_word' id='word_1_230' title='bbox 1134 2654 1191 2684; x_wconf 84' lang='lat' dir='ltr'><strong>ex</strong></span> <span class='ocrx_word' id='word_1_231' title='bbox 1214 2636 1288 2683; x_wconf 91' lang='lat' dir='ltr'><strong>his</strong></span> <span class='ocrx_word' id='word_1_232' title='bbox 1309 2635 1558 2699; x_wconf 90' lang='lat' dir='ltr'><strong>subjiciam</strong></span> <span class='ocrx_word' id='word_1_233' title='bbox 1583 2650 1745 2681; x_wconf 83' lang='lat' dir='ltr'><strong>versus</strong></span> <span class='ocrx_word' id='word_1_234' title='bbox 1759 2630 1772 2654; x_wconf 79' lang='lat'><em>²</em></span> <span class='ocrx_word' id='word_1_235' title='bbox 1796 2650 1807 2678; x_wconf 90' lang='lat'>:</span> 
     </span>
    </p>
   </div>
   <div class='ocr_carea' id='block_1_3' title="bbox 391 2811 1807 2930">
    <p class='ocr_par' dir='ltr' id='par_1_3' title="bbox 391 2811 1807 2930">
     <span class='ocr_line' id='line_1_31' title="bbox 445 2811 1807 2869; baseline -0.004 -16"><span class='ocrx_word' id='word_1_236' title='bbox 445 2818 499 2864; x_wconf 82' lang='lat'><strong>(1)</strong></span> <span class='ocrx_word' id='word_1_237' title='bbox 520 2816 592 2854; x_wconf 89' lang='lat' dir='ltr'><strong>Hic</strong></span> <span class='ocrx_word' id='word_1_238' title='bbox 610 2816 650 2854; x_wconf 92' lang='lat' dir='ltr'><strong>in</strong></span> <span class='ocrx_word' id='word_1_239' title='bbox 678 2817 850 2869; x_wconf 85' lang='lat' dir='ltr'><strong>margine</strong></span> <span class='ocrx_word' id='word_1_240' title='bbox 866 2815 1008 2854; x_wconf 89' lang='lat' dir='ltr'><strong>codicis</strong></span> <span class='ocrx_word' id='word_1_241' title='bbox 1028 2827 1099 2852; x_wconf 76' lang='lat' dir='ltr'><strong>ms·</strong></span> <span class='ocrx_word' id='word_1_242' title='bbox 1122 2815 1243 2860; x_wconf 73' lang='lat'><strong>2791,</strong></span> <span class='ocrx_word' id='word_1_243' title='bbox 1264 2826 1339 2850; x_wconf 86' lang='lat' dir='ltr'><strong>xm</strong></span> <span class='ocrx_word' id='word_1_244' title='bbox 1357 2813 1496 2850; x_wconf 90' lang='lat' dir='ltr'><strong>saeculo</strong></span> <span class='ocrx_word' id='word_1_245' title='bbox 1515 2811 1699 2864; x_wconf 86' lang='lat' dir='ltr'><strong>scriptum</strong></span> <span class='ocrx_word' id='word_1_246' title='bbox 1723 2817 1780 2847; x_wconf 90' lang='lat' dir='ltr'><strong>est</strong></span> <span class='ocrx_word' id='word_1_247' title='bbox 1799 2825 1807 2847; x_wconf 94' lang='lat'><strong>:</strong></span> 
     </span>
     <span class='ocr_line' id='line_1_32' title="bbox 391 2880 1146 2930; baseline 0 -16"><span class='ocrx_word' id='word_1_248' title='bbox 391 2880 462 2915; x_wconf 78' lang='lat' dir='ltr'><strong>Isti</strong></span> <span class='ocrx_word' id='word_1_249' title='bbox 480 2891 604 2916; x_wconf 72' lang='lat' dir='ltr'><strong>versus</strong></span> <span class='ocrx_word' id='word_1_250' title='bbox 620 2893 692 2916; x_wconf 82' lang='lat' dir='ltr'><strong>non</strong></span> <span class='ocrx_word' id='word_1_251' title='bbox 712 2882 887 2930; x_wconf 74' lang='lat' dir='ltr'><strong>leguntur</strong></span> <span class='ocrx_word' id='word_1_252' title='bbox 902 2883 940 2915; x_wconf 83' lang='lat' dir='ltr'><strong>in</strong></span> <span class='ocrx_word' id='word_1_253' title='bbox 959 2886 1146 2915; x_wconf 76' lang='lat' dir='ltr'><strong>conventu.</strong></span> 
     </span>
    </p>
   </div>
  </div>
 </body>
</html>
