2002 3418
398 382 473 418 334
699 382 763 418 DE
790 381 1058 419 MIRACULIS
1087 380 1257 419 SANCTI
1283 381 1493 418 JULIANI.

395 469 538 534 coepit
557 483 614 517 ac
634 468 790 516 dicere
811 487 821 516 :
843 489 877 513 ·«
903 471 1033 517 Meus
1057 469 1143 516 -ille
1171 463 1296 531 erat,
1322 469 1491 534 iuquit,
1513 478 1559 515 et
1576 468 1799 516 hictfurto

394 563 506 594 eum
517 547 716 594 sustulit.
733 567 754 592 n
763 547 969 610 Deinde,
983 546 1298 595 succendente
1308 547 1517 608 avaritia,
1533 547 1660 594 misit
1668 547 1801 594 illum

393 625 606 672 vinctum
636 626 685 672 in
708 641 926 687 carcere,
958 625 1224 673 deliberans
1249 642 1360 672 eum
1379 624 1664 688 insequenti
1682 625 1804 689 pati-

393 702 510 750 bulo
532 703 868 750 condemnare.
887 705 1019 750 Tunc
1042 702 1261 750 sacerdos
1280 711 1472 749 moestus
1493 700 1629 749 valde
1651 700 1712 749 ad
1733 718 1804 749 se-

391 782 612 846 pulcrum
654 782 802 829 sancti
840 790 1064 846 properat
1077 818 1089 839 ‚
1134 781 1440 844 reseratisque
1482 795 1592 826 cum
1628 779 1804 845 gemitu

393 859 567 923 capsis,
593 858 897 923 apprehensis
929 859 1095 906 decern
1117 858 1286 920 aureis,
1322 868 1407 922 per
1425 856 1598 904 fideles
1628 857 1806 905 amicos

394 936 598 982 Becconi
630 934 819 982 obtulit.
857 935 1000 993 Quod
1032 935 1108 983 ille
1130 952 1220 1001 pro
1240 935 1390 982 nihilo
1412 950 1663 1000 respuens,
1694 950 1805 984 cum

388 1012 659 1076 juramento
689 1012 884 1060 asseruit
911 1028 1158 1076 nunquam
1182 1029 1234 1060 se
1255 1029 1460 1077 puerum
1481 1011 1802 1072 dimissurum,

393 1089 483 1136 nisi
515 1088 687 1136 exinde
716 1089 1095 1152 aureos'triginta
1115 1090 1364 1154 acciperet.
1398 1088 1540 1147 Quod
1555 1088 1807 1154 ⁴presbyter

394 1165 599 1232 desuper
619 1168 836 1232 sepulcro
858 1167 1007 1214 sancti
1028 1167 1279 1232 accipiens,
1295 1165 1497 1213 Becconi
1518 1166 1801 1229 transmisit3

393 1259 516 1308 quos
536 1254 774 1309 acceptos,
789 1244 953 1292 satiata
975 1244 1104 1291 avari
1124 1243 1398 1308 cupiditate,
1418 1257 1619 1308 puerum
1635 1252 1808 1290 restau-

393 1321 515 1368 ravit
537 1321 844 1369 incolumem.
867 1321 960 1369 Sed
979 1324 1107 1368 Deus
1129 1321 1449 1386 omnipotens,
1468 1322 1551 1386 qui
1562 1329 1808 1387 permanet

390 1408 504 1445 *ante
525 1399 693 1462 solem,
723 1399 987 1447 secundum
1007 1398 1233 1447 bonitatis
1254 1416 1348 1447 suae
1367 1399 1553 1448 divitias
1583 1398 1807 1446 humilia-

393 1475 462 1522 vit
494 1475 903 1525 calumniatorem.
924 1479 1061 1539 Nam,
1088 1477 1233 1542 ipsius
1259 1477 1373 1524 anni
1397 1486 1631 1525 transacto
1644 1474 1808 1522 'curri-

394 1553 522 1615 culo,
543 1555 738 1602 veniens
759 1554 822 1602 ad
840 1554 990 1602 sancti
1015 1553 1310 1603 festivitatem
1330 1570 1443 1602 cum
1463 1552 1805 1607 caterva-satel-

393 1630 554 1694 litum,
583 1632 818 1695 ingressus
849 1642 918 1680 est
943 1632 1089 1679 limen
1123 1642 1355 1680 sanctum.
1383 1631 1672 1679 Procedente
1697 1646 1807 1677 vero

393 1708 586 1771 lectore,
623 1710 707 1773 qui
738 1708 888 1756 beatae
922 1708 1154 1774 passionis
1180 1718 1443 1756 recenseret
1460 1707 1731 1767 historiam,
1756 1716 1809 1753 ut

375 1787 594 1834 'revolvit
627 1786 805 1834 librum
836 1797 883 1833 et
910 1787 960 1832 in
982 1786 1217 1851 principio
1236 1785 1450 1833 lectionis
1469 1784 1808 1833 sancti‘Juliani

393 1863 591 1928 protulit
608 1881 799 1911 ,nomen
814 1901 826 1924 ‚
862 1863 1112 1911 confestim
1133 1866 1283 1910 Becco
1304 1862 1603 1909 vocenescio
1632 1875 1735 1924 qua·
1744 1870 1810 1908 te-

393 1941 584 1988 terrima
616 1941 678 1988 ad
700 1951 874 1988 terram
896 1940 1096 2001 corruit,
1131 1949 1417 2002 cruenteque
1447 1954 1672 2004 spumans
1697 1937 1810 1985 dare

393 2034 534 2065 voces
555 2018 762 2066 diversas
782 2018 953 2083 coepit:
979 2017 1091 2064 inde
1116 2016 1239 2064 inter
1253 2033 1450 2063 suorum
1467 2031 1636 2063 manus
1658 2013 1814 2063 subla-

394 2107 469 2143 tus
517 2112 545 2144 a
587 2095 781 2144 basilica
818 2095 1021 2145 domum
1053 2094 1310 2143 reducitur.
1362 2097 1458 2141 Nec
1494 2094 1581 2141 fuit
1610 2092 1810 2141 dubium

393 2177 553 2242 pueris
590 2177 691 2241 ejus
724 2176 826 2224 haec
862 2175 927 2224 ob
960 2176 1183 2241 injuriam
1221 2174 1477 2223 basilicaris
1514 2173 1676 2223 famuli
1708 2190 1811 2221 eve-

393 2255 516 2302 nisse
549 2273 560 2302 :
590 2272 785 2303 omnem
819 2272 1011 2321 quoque
1039 2264 1289 2316 ornatum,
1314 2253 1446 2318 quod
1467 2269 1609 2317 super
1625 2262 1810 2302 seytunc

393 2332 588 2395 habuit,
626 2343 724 2381 tam
754 2334 805 2381 in
841 2349 960 2381 auro
999 2349 1143 2398 quam
1179 2332 1230 2379 in
1260 2330 1570 2392 vestimentis,
1609 2328 1811 2381 basilicae

382 2411 596 2459 ,contulit
630 2422 679 2459 et
707 2412 857 2460 multa
887 2411 1112 2476 deinceps
1135 2425 1333 2457 munera
1363 2408 1520 2467 misit;
1557 2407 1639 2457 sed
1661 2423 1809 2473 usque

394 2487 455 2534 ad
474 2488 605 2536 diem
624 2488 1001 2536 obitussuisine
1021 2503 1161 2534 sensu
1185 2486 1388 2534 duravit.
