2002 3418
328 363 404 400 212
726 364 792 399 DE
819 362 1005 400 GLORIA
1032 361 1325 400 MARTYRUM.

839 476 992 511 CAPUT
1015 476 1220 512 LXXVIII.

731 562 783 596 De
797 559 974 596 Baudillio
992 569 1144 609 martyre
1159 560 1328 607 glorioso.

394 654 475 700 Est
517 652 647 717 apud
689 652 1016 699 Nemausensis
1058 650 1189 697 urbis
1227 650 1459 716 oppidum
1500 652 1742 699 Baudillii¹

327 729 454 778 beati
491 730 707 793 martyris
740 729 999 792 gloriosum
1032 729 1300 794 sepulcrum
1314 766 1326 790 ‚
1353 729 1412 775 de
1446 745 1544 793 quo
1575 730 1740 794 saepius

327 809 522 854 virtutes
541 807 701 854 multae
723 806 1097 854 manifestantur.
1124 811 1192 854 Ex
1213 823 1311 871 quo
1338 807 1556 872 sepulcro
1580 806 1741 854 laurus

328 895 431 932 orta
460 894 507 931 et
541 901 628 949 per
658 883 887 949 parietem
910 900 1093 947 egressa
1117 884 1341 932 arborem
1372 884 1484 931 foris
1520 884 1629 931 fecit
1667 900 1740 932 sa-

328 962 454 1009 lubri
467 977 608 1008 coma
621 970 914 1027 vernantem.
929 962 1074 1019 Quod
1088 979 1209 1027 saepe
1224 963 1318 1009 loci
1336 963 1501 1009 incolae
1519 963 1568 1010 in
1583 962 1741 1009 multis

326 1037 678 1085 infirmitatibus
700 1037 879 1084 habere
907 1038 1093 1086 coeleste
1123 1040 1386 1098 remedium
1409 1049 1518 1087 sunt
1544 1042 1736 1106 experti.

330 1119 419 1162 Pro
446 1114 621 1179 quibus
655 1115 884 1161 virtutum
911 1115 1180 1174 beneficiis,
1208 1133 1318 1163 cum
1349 1109 1630 1182 plerumque
1656 1135 1741 1164 nu-

326 1193 518 1241 daretur
544 1209 573 1240 a
603 1192 726 1239 foliis
755 1192 831 1239 vel
848 1193 951 1258 ipsa
982 1193 1193 1258 quodam
1219 1193 1366 1241 modo
1397 1195 1589 1254 cortice,
1611 1194 1743 1242 arida

329 1282 399 1319 est
419 1270 602 1318 effecta.
629 1270 766 1317 Unde
788 1271 902 1334 quia
934 1270 1131 1318 morbos
1158 1271 1219 1318 ab
1247 1288 1304 1319 ea
1332 1272 1590 1319 multarum
1616 1271 1744 1318 infir-

328 1350 546 1396 mitatum
562 1348 764 1396 diximus
782 1348 972 1413 depelli,
990 1348 1190 1412 longum
1206 1349 1293 1396 fuit
1306 1349 1515 1413 singulos
1530 1364 1743 1414 quosque

327 1427 582 1474 memorari
615 1444 626 1472 z
655 1426 764 1473 ideo
789 1426 891 1473 haec
919 1426 1134 1474 sufficere
1158 1428 1320 1492 putavi
1344 1427 1476 1492 quod
1506 1443 1563 1474 ea
1598 1427 1744 1474 medi-

325 1507 544 1552 camenta
566 1503 811 1567 largiendo
830 1504 1013 1551 aridam
1027 1504 1242 1552 effectam
1271 1505 1382 1552 dixi.
1407 1505 1579 1552 Etiam²
1601 1503 1745 1551 fertur

326 1581 512 1629 celebre
541 1598 571 1629 a
591 1581 884 1645 negotiatore
909 1581 1121 1645 quodam
1145 1583 1195 1628 in
1219 1583 1410 1629 Oriente
1440 1583 1500 1629 de
1523 1582 1598 1628 his
1623 1582 1744 1628 foliis

327 1660 630 1725 deportatum
664 1661 836 1725 pignus
873 1659 1012 1707 fuisse
1049 1678 1059 1706 :
1100 1660 1201 1719 sed,
1245 1661 1521 1724 priusquam
1552 1670 1742 1725 portum

326 1738 599 1801 negociator
632 1738 901 1800 attingeret,
929 1753 1275 1800 energumenus
1302 1739 1353 1784 in
1387 1738 1584 1786 ecclesia
1613 1738 1742 1785 adire

326 1814 611 1862 Baudillium
640 1824 896 1878 martyrem
917 1815 1205 1862 Orientalem
1219 1815 1423 1880 plagam,
1446 1815 1744 1881 stupentibus

327 1891 541 1958 populiS‚
567 1891 864 1939 declamavit.
893 1892 1111 1939 Ostendit
1131 1902 1290 1939 autem
1310 1892 1478 1940 beatus
1499 1902 1678 1957 martyr
1697 1903 1745 1940 et

327 1969 376 2015 in
408 1968 522 2016 31115
538 1969 763 2016 virtutem
787 1985 939 2016 suam.
968 1971 1133 2016 Aram*
1159 1985 1291 2028 vero,
1317 1969 1599 2017 Theodorici
1624 1970 1744 2033 regis

328 2047 474 2095 Italici
502 2047 597 2094 dux
610 2084 622 2107 ,
647 2046 764 2094 dum
792 2047 840 2093 in
865 2046 1125 2095 Arelatensi
1154 2047 1273 2094 urbe
1297 2048 1547 2107 resideret,
1574 2047 1745 2094 exstitit

328 2126 371 2172 ei
409 2125 606 2189 quidam
636 2124 1016 2190 archipresbyter
1049 2126 1287 2190 parochiae
1318 2127 1645 2174 Nemausensis
1678 2126 1746 2172 in-

329 2203 470 2249 visus.
507 2205 638 2249 Tunc
667 2202 851 2249 fervens
881 2202 986 2250 felle
1003 2238 1016 2263 ,
1043 2213 1210 2251 contra
1239 2220 1350 2250 eum
1383 2204 1511 2250 misit
1544 2218 1739 2267 pueros,

329 2280 492 2328 dicens
509 2298 520 2326 z
540 2301 563 2324 c<
577 2284 643 2327 lte
659 2282 956 2344 quantocius,
973 2290 1036 2342 et,
1052 2281 1202 2344 ligatis
1220 2281 1421 2346 pedibus
1435 2298 1491 2328 ac
1503 2281 1739 2345 manibus,

331 2358 551 2405 adducite
571 2375 681 2404 eum
699 2375 810 2405 cum
829 2359 892 2414 vi,
917 2367 970 2404 ut
986 2369 1242 2420 cognoscat
1267 2358 1398 2423 quod
1417 2359 1506 2405 sim
1521 2358 1744 2405 dominus

331 2436 536 2498 regionis
556 2435 754 2500 hujus.»
766 2439 824 2483 At
837 2433 903 2482 illi
917 2451 1018 2483 non
1038 2435 1348 2498 intelligentes
1369 2434 1742 2500 archipresbyte-

385 2593 438 2645 (1)
475 2591 585 2633 Colb.
615 2606 663 2641 a,
697 2593 895 2639 Baadelii,
923 2600 960 2630 et
989 2592 1043 2630 sic
1063 2606 1225 2645 semper.
1256 2594 1345 2642 Ejus
1371 2596 1467 2632 Acta
1492 2593 1649 2643 habent,
1683 2593 1745 2631 die

329 2655 380 2692 20
397 2654 500 2701 maii,
522 2654 774 2701 Bollandiani,
794 2653 861 2692 sed
879 2667 957 2692 non
975 2654 1072 2692 adeo
1090 2656 1246 2707 antiqua
1265 2664 1306 2694 ut
1324 2656 1509 2707 integram
1528 2664 1744 2694 mereantur

330 2715 456 2755 fidem.
479 2717 559 2763 (R.)
571 2737 625 2743 -—
642 2718 761 2767 Supp.
791 2717 867 2754 478
884 2744 894 2762 ‚
914 2718 1134 2754 Baudililc'i.

384 2778 439 2826 (2)
456 2778 562 2822 2204
581 2786 617 2814 et
636 2780 756 2823 2205,
778 2780 879 2816 Nam
897 2778 1032 2828 fertur.

381 2842 439 2891 (3)
455 2842 580 2890 2205,
600 2846 698 2883 Ara.
