2002 3418
420 373 495 411 356
708 372 788 415 DE
817 371 1080 409 MIRACULIS
1107 370 1277 408 SANCTI
1303 371 1512 411 JULIANI.

418 462 599 509 cutiens
635 478 720 527 per
752 461 1002 508 fenestram
1041 476 1145 523 quae
1188 475 1329 524 super
1365 469 1581 506 sanctum
1619 459 1824 507 habetur

416 539 653 585 tumulum
669 548 738 586 est
756 554 1010 601 egressum,
1030 535 1215 583 nullum
1236 546 1393 583 tamen
1418 553 1503 600 per
1522 535 1647 584 beati
1669 546 1823 584 custo-

418 616 547 664 diam
568 615 628 663 de
648 616 830 681 populo
855 615 984 662 laesit.
1009 617 1052 661 O
1073 630 1218 678 quam
1240 629 1438 678 magnus
1459 615 1584 662 circa
1605 614 1825 662 alumnos

414 694 634 758 proprios
650 692 778 740 beati
793 693 1008 756 martyris
1030 690 1187 739 amor!
1217 691 1464 738 columnas
1487 691 1706 738 sustinuit
1722 707 1825 756 per-

413 771 526 831 cuti,
547 787 647 817 non
664 771 773 818 sinit
789 770 1071 834 phalangas;
1093 769 1326 832 confringi
1348 785 1511 834 passus
1525 779 1593 816 est
1604 769 1820 830 vitream,

413 863 512 893 non
542 844 805 906 catervam;
845 846 1058 911 permisit
1101 862 1242 910 super
1274 846 1543 910 sepulcrum
1577 845 1824 910 proprium

411 924 648 988 praeterire
667 939 943 980 coruscum,
969 938 1030 969 ne
1054 922 1186 970 fieret
1203 923 1516 971 multitudinis
1541 923 1685 970 totius
1709 923 1826 970 inte-

412 1002 543 1047 ritus.
562 1001 706 1063 Igitur
720 1000 968 1064 expulsum
979 1015 1008 1047 a
1018 998 1215 1047 basilica
1227 1001 1375 1048 sancti
1387 1001 1605 1064 martyris
1613 1000 1824 1064 jaculum

411 1092 605 1136 acervos
638 1076 753 1123 foeni
788 1075 1049 1124 combussit
1064 1113 1076 1137 ,
1112 1077 1344 1124 interfecit
1376 1093 1577 1142 pecora,
1610 1077 1825 1141 jumenta

412 1154 599 1202 delevit.
638 1154 783 1213 Quod
813 1155 852 1201 si
882 1154 984 1202 haec
1014 1153 1205 1201 fortuita
1235 1154 1340 1217 quis
1372 1164 1507 1219 putat
1521 1191 1534 1214 ,
1565 1155 1824 1203 admiretur

410 1233 560 1297 magis
593 1241 641 1279 et
675 1241 860 1297 stupeat
895 1231 1060 1296 inclyti
1097 1231 1362 1296 potentiam
1406 1232 1623 1296 martyris
1638 1269 1651 1293 ‚
1691 1232 1823 1296 quod

411 1310 680 1374 praeteriens
700 1310 823 1374 ignis
845 1325 931 1375 per
954 1309 1167 1357 medium
1186 1309 1352 1375 populi
1373 1310 1615 1356 neminem
1643 1310 1821 1372 nocuit,

412 1387 496 1434 sed
529 1386 597 1434 ibi
626 1397 812 1435 tantum
840 1386 1044 1452 explevit
1074 1396 1185 1434 vota
1214 1385 1299 1434 ubi
1330 1402 1381 1434 se
1404 1386 1628 1450 cognovit
1649 1385 1825 1434 habere

408 1465 666 1514 licentiam.

942 1558 1098 1594 CAPUT
1120 1557 1295 1593 XXVIII.

432 1663 483 1697 De
500 1675 542 1698 eo
559 1663 619 1710 qui
635 1675 707 1710 prae
727 1660 952 1696 multitudine
964 1662 1089 1709 populi
1102 1661 1147 1696 ad
1162 1662 1363 1708 sepulcrum
1380 1673 1454 1696 non
1468 1661 1603 1696 valebat
1617 1659 1798 1696 accedere.

470 1767 676 1814 Clericus
709 1776 868 1814 autem
902 1766 1099 1830 quidam
1136 1765 1282 1813 Aridii
1314 1767 1604 1814 Lemovicini
1636 1765 1822 1814 abbatis

413 1844 474 1891 ad
498 1843 793 1891 festivitatem
820 1843 1015 1891 veniens
1028 1880 1041 1906 ,
1066 1860 1162 1908 prae
1185 1844 1486 1892 multitudine
1509 1844 1691 1909 populi,
1722 1861 1821 1892 non

414 1919 562 1967 modo
590 1920 653 1968 ad
682 1930 899 1968 sanctum
927 1922 1166 1969 tumulum
1195 1921 1447 1981 accedere,
1483 1938 1649 1969 verum
1681 1922 1825 1969 etiam

414 2014 503 2043 nec
524 1998 575 2043 in
599 1998 753 2062 ipsam
773 1997 1019 2045 basilicam
1041 1999 1196 2064 potuit
1224 1999 1436 2047 introire.
1462 2001 1678 2063 Cumque
1703 2015 1824 2046 moe-

415 2083 511 2120 stus
531 2075 726 2121 metatui
749 2091 798 2122 se
820 2074 1118 2137 reddidisset,
1139 2075 1372 2124 recubans
1389 2076 1439 2123 in
1457 2076 1632 2124 lectulo
1651 2075 1826 2123 obdor-

416 2152 566 2199 mivit.
589 2152 810 2200 Protinus
830 2153 973 2200 astitit
994 2153 1037 2200 ei
1056 2153 1127 2200 vir
1150 2155 1200 2201 in
1219 2155 1340 2216 visu,
1359 2154 1549 2202 dicens:
1571 2174 1594 2198 «
1609 2153 1737 2212 Quid
1751 2164 1821 2215 tu,

341 2251 344 2254 ·
415 2229 570 2293 inquit
582 2267 595 2291 ‚
620 2247 791 2296 sopore
816 2230 1124 2296 deprimeris?
1144 2231 1276 2279 Vade
1293 2232 1490 2279 celerius
1509 2231 1572 2279 ad
1593 2231 1825 2296 templum

417 2307 634 2371 martyris
660 2318 707 2354 et
734 2309 898 2356 omnia
918 2309 1130 2356 invenies
1150 2318 1367 2356 reserata.
1387 2329 1409 2352 2>
1431 2311 1486 2355 At
1504 2309 1582 2357 ille
1591 2319 1722 2356 metu
1735 2318 1827 2356 ter-

416 2384 532 2431 ritus
561 2401 813 2450 exsurgens
826 2423 839 2448 ‚
870 2386 1089 2434 credulus
1110 2385 1331 2447 dictioni,
1359 2395 1584 2451 properat
1602 2386 1826 2434 velociter

415 2462 615 2525 experiri
638 2463 676 2509 si
697 2479 808 2510 vera
824 2473 980 2510 essent
997 2480 1101 2528 quae
1121 2462 1212 2510 sibi
1234 2462 1418 2511 fuerant
1438 2463 1662 2512 indicata.
1685 2466 1826 2512 Cum-

416 2556 508 2602 que
525 2542 728 2588 venisset
748 2541 810 2588 ad
829 2542 1024 2603 ostium,
1055 2541 1228 2606 reperit
1240 2579 1253 2603 ‚
1284 2543 1479 2590 remotis
1503 2541 1715 2606 undique
1734 2557 1824 2606 po·

413 2616 535 2680 pulis
549 2655 561 2678 ‚
607 2635 756 2683 usque
784 2619 846 2666 ad
880 2628 1095 2666 sanctum
1125 2620 1269 2667 altare
1296 2620 1370 2667 vel
1403 2621 1559 2685 ipsum
1588 2618 1824 2666 tumulum

413 2694 538 2741 viam
564 2695 735 2744 factam
753 2697 885 2745 nullo
909 2696 1165 2747 obsistente
1187 2717 1197 2744 :
1223 2709 1270 2746 et
1295 2699 1361 2747 sic
1382 2700 1482 2746 sine
1509 2698 1606 2746 ulla
1626 2698 1824 2763 impres-

411 2773 546 2820 sione
570 2774 818 2835 accedens,
847 2775 948 2822 fusa
969 2776 1200 2834 oratione,
1227 2794 1337 2824 cum
1362 2776 1536 2840 gaudio
1557 2785 1627 2822 est
1647 2790 1822 2837 regres-

410 2867 504 2899 sus.
523 2853 664 2910 Quod
686 2871 745 2900 ne
764 2855 868 2918 quis
884 2855 1068 2903 dubitet
1086 2865 1234 2904 testor
1253 2857 1629 2922 omnipotentem
1647 2857 1818 2916 Deum,
