<?xml version="1.0" encoding="UTF-8"?>
<!DOCTYPE html PUBLIC "-//W3C//DTD XHTML 1.0 Transitional//EN"
    "http://www.w3.org/TR/xhtml1/DTD/xhtml1-transitional.dtd">
<html xmlns="http://www.w3.org/1999/xhtml" xml:lang="en" lang="en">
 <head>
  <title>
</title>
<meta http-equiv="Content-Type" content="text/html;charset=utf-8" />
  <meta name='ocr-system' content='tesseract 3.04.00' />
  <meta name='ocr-capabilities' content='ocr_page ocr_carea ocr_par ocr_line ocrx_word'/>
</head>
<body>
  <div class='ocr_page' id='page_1' title='image "./leslivresdesmira01greguoft_0404.png"; bbox 0 0 2002 3418; ppageno 0'>
   <div class='ocr_carea' id='block_1_1' title="bbox 399 323 1503 364">
    <p class='ocr_par' dir='ltr' id='par_1_1' title="bbox 399 323 1503 364">
     <span class='ocr_line' id='line_1_1' title="bbox 399 323 1503 364; baseline 0.003 -4"><span class='ocrx_word' id='word_1_1' title='bbox 399 323 474 362; x_wconf 70' lang='lat'>348</span> <span class='ocrx_word' id='word_1_2' title='bbox 707 325 773 361; x_wconf 84' lang='lat' dir='ltr'>DE</span> <span class='ocrx_word' id='word_1_3' title='bbox 796 323 1066 362; x_wconf 76' lang='lat' dir='ltr'><strong>&#39;MIRACULIS</strong></span> <span class='ocrx_word' id='word_1_4' title='bbox 1095 324 1266 363; x_wconf 84' lang='lat' dir='ltr'>SANCTI</span> <span class='ocrx_word' id='word_1_5' title='bbox 1292 325 1503 364; x_wconf 82' lang='lat' dir='ltr'>JULIANI.</span> 
     </span>
    </p>
   </div>
   <div class='ocr_carea' id='block_1_2' title="bbox 392 408 1810 1181">
    <p class='ocr_par' dir='ltr' id='par_1_2' title="bbox 392 408 1810 1181">
     <span class='ocr_line' id='line_1_2' title="bbox 398 408 1802 479; baseline 0.003 -19"><span class='ocrx_word' id='word_1_6' title='bbox 398 413 572 477; x_wconf 89' lang='lat' dir='ltr'>giosus.</span> <span class='ocrx_word' id='word_1_7' title='bbox 587 411 731 471; x_wconf 89' lang='lat' dir='ltr'>Quod</span> <span class='ocrx_word' id='word_1_8' title='bbox 741 408 834 473; x_wconf 91' lang='lat' dir='ltr'>ille,</span> <span class='ocrx_word' id='word_1_9' title='bbox 849 411 967 459; x_wconf 89' lang='lat' dir='ltr'>dum</span> <span class='ocrx_word' id='word_1_10' title='bbox 971 411 1248 476; x_wconf 87' lang='lat' dir='ltr'>jactantiam</span> <span class='ocrx_word' id='word_1_11' title='bbox 1256 411 1455 461; x_wconf 88' lang='lat' dir='ltr'>evadere</span> <span class='ocrx_word' id='word_1_12' title='bbox 1467 414 1598 479; x_wconf 86' lang='lat' dir='ltr'>cupit</span> <span class='ocrx_word' id='word_1_13' title='bbox 1606 415 1802 478; x_wconf 82' lang='lat' dir='ltr'><strong>evitans,</strong></span> 
     </span>
     <span class='ocr_line' id='line_1_3' title="bbox 396 492 1807 560; baseline 0.001 -20"><span class='ocrx_word' id='word_1_14' title='bbox 396 501 584 541; x_wconf 90' lang='lat' dir='ltr'>tenetur</span> <span class='ocrx_word' id='word_1_15' title='bbox 607 509 637 541; x_wconf 91' lang='lat' dir='ltr'>a</span> <span class='ocrx_word' id='word_1_16' title='bbox 657 509 807 555; x_wconf 81' lang='lat' dir='ltr'>caecO,</span> <span class='ocrx_word' id='word_1_17' title='bbox 843 510 932 541; x_wconf 89' lang='lat' dir='ltr'>nec</span> <span class='ocrx_word' id='word_1_18' title='bbox 955 493 1154 541; x_wconf 91' lang='lat' dir='ltr'>omnino</span> <span class='ocrx_word' id='word_1_19' title='bbox 1179 492 1454 555; x_wconf 87' lang='lat' dir='ltr'>dimittitur,</span> <span class='ocrx_word' id='word_1_20' title='bbox 1485 493 1575 542; x_wconf 89' lang='lat' dir='ltr'>nisi</span> <span class='ocrx_word' id='word_1_21' title='bbox 1597 510 1702 559; x_wconf 85' lang='lat' dir='ltr'>quae</span> <span class='ocrx_word' id='word_1_22' title='bbox 1721 512 1807 560; x_wconf 90' lang='lat' dir='ltr'>pe-</span> 
     </span>
     <span class='ocr_line' id='line_1_4' title="bbox 396 570 1807 637; baseline 0.001 -19"><span class='ocrx_word' id='word_1_23' title='bbox 396 570 525 619; x_wconf 88' lang='lat' dir='ltr'>tebat</span> <span class='ocrx_word' id='word_1_24' title='bbox 546 570 840 637; x_wconf 86' lang='lat' dir='ltr'>adimpleret.</span> <span class='ocrx_word' id='word_1_25' title='bbox 868 574 998 619; x_wconf 90' lang='lat' dir='ltr'>Tunc</span> <span class='ocrx_word' id='word_1_26' title='bbox 1019 570 1097 619; x_wconf 91' lang='lat' dir='ltr'>ille</span> <span class='ocrx_word' id='word_1_27' title='bbox 1120 581 1379 637; x_wconf 87' lang='lat' dir='ltr'>prostratus</span> <span class='ocrx_word' id='word_1_28' title='bbox 1400 580 1509 619; x_wconf 90' lang='lat' dir='ltr'>ante</span> <span class='ocrx_word' id='word_1_29' title='bbox 1540 572 1807 637; x_wconf 88' lang='lat' dir='ltr'>sepulcrum</span> 
     </span>
     <span class='ocr_line' id='line_1_5' title="bbox 396 647 1803 714; baseline 0.002 -19"><span class='ocrx_word' id='word_1_30' title='bbox 396 647 657 696; x_wconf 85' lang='lat' dir='ltr'>diutissime</span> <span class='ocrx_word' id='word_1_31' title='bbox 674 649 890 714; x_wconf 86' lang='lat' dir='ltr'>martyris</span> <span class='ocrx_word' id='word_1_32' title='bbox 907 659 976 697; x_wconf 90' lang='lat' dir='ltr'>est</span> <span class='ocrx_word' id='word_1_33' title='bbox 994 648 1266 712; x_wconf 84' lang='lat' dir='ltr'>suffragium</span> <span class='ocrx_word' id='word_1_34' title='bbox 1284 649 1560 714; x_wconf 87' lang='lat' dir='ltr'>deprecatus</span> <span class='ocrx_word' id='word_1_35' title='bbox 1582 666 1594 696; x_wconf 89' lang='lat'><strong>:</strong></span> <span class='ocrx_word' id='word_1_36' title='bbox 1613 649 1803 712; x_wconf 87' lang='lat' dir='ltr'>deinde,</span> 
     </span>
     <span class='ocr_line' id='line_1_6' title="bbox 397 725 1806 793; baseline 0.002 -21"><span class='ocrx_word' id='word_1_37' title='bbox 397 725 641 775; x_wconf 86' lang='lat' dir='ltr'>admotam</span> <span class='ocrx_word' id='word_1_38' title='bbox 674 727 824 775; x_wconf 91' lang='lat' dir='ltr'>oculis</span> <span class='ocrx_word' id='word_1_39' title='bbox 855 727 989 775; x_wconf 88' lang='lat' dir='ltr'>caecis</span> <span class='ocrx_word' id='word_1_40' title='bbox 1027 743 1227 775; x_wconf 86' lang='lat' dir='ltr'>manum</span> <span class='ocrx_word' id='word_1_41' title='bbox 1242 765 1255 789; x_wconf 95' lang='lat'>,</span> <span class='ocrx_word' id='word_1_42' title='bbox 1290 728 1506 793; x_wconf 90' lang='lat' dir='ltr'>protinus</span> <span class='ocrx_word' id='word_1_43' title='bbox 1538 736 1593 774; x_wconf 92' lang='lat' dir='ltr'>ut</span> <span class='ocrx_word' id='word_1_44' title='bbox 1621 728 1806 791; x_wconf 86' lang='lat' dir='ltr'>signum</span> 
     </span>
     <span class='ocr_line' id='line_1_7' title="bbox 392 804 1804 870; baseline 0.001 -19"><span class='ocrx_word' id='word_1_45' title='bbox 392 805 548 852; x_wconf 83' lang='lat' dir='ltr'>crucis</span> <span class='ocrx_word' id='word_1_46' title='bbox 558 805 800 870; x_wconf 89' lang='lat' dir='ltr'>imposuit,</span> <span class='ocrx_word' id='word_1_47' title='bbox 816 804 968 852; x_wconf 88' lang='lat' dir='ltr'>visum</span> <span class='ocrx_word' id='word_1_48' title='bbox 974 805 1067 867; x_wconf 68' lang='lat' dir='ltr'>¹iste</span> <span class='ocrx_word' id='word_1_49' title='bbox 1077 805 1268 870; x_wconf 87' lang='lat' dir='ltr'>recepit.</span> <span class='ocrx_word' id='word_1_50' title='bbox 1285 804 1613 867; x_wconf 89' lang='lat' dir='ltr'>Admiramini,</span> <span class='ocrx_word' id='word_1_51' title='bbox 1628 821 1804 869; x_wconf 81' lang='lat' dir='ltr'>quaeso,</span> 
     </span>
     <span class='ocr_line' id='line_1_8' title="bbox 396 881 1808 947; baseline 0.001 -19"><span class='ocrx_word' id='word_1_52' title='bbox 396 881 618 930; x_wconf 86' lang='lat' dir='ltr'>virtutem</span> <span class='ocrx_word' id='word_1_53' title='bbox 639 882 873 946; x_wconf 83' lang='lat' dir='ltr'>martyris,</span> <span class='ocrx_word' id='word_1_54' title='bbox 892 882 986 944; x_wconf 91' lang='lat' dir='ltr'>cui,</span> <span class='ocrx_word' id='word_1_55' title='bbox 1013 898 1123 930; x_wconf 90' lang='lat' dir='ltr'>cum</span> <span class='ocrx_word' id='word_1_56' title='bbox 1146 898 1317 947; x_wconf 90' lang='lat' dir='ltr'>parum</span> <span class='ocrx_word' id='word_1_57' title='bbox 1339 883 1397 929; x_wconf 90' lang='lat' dir='ltr'>sit</span> <span class='ocrx_word' id='word_1_58' title='bbox 1417 898 1503 947; x_wconf 90' lang='lat' dir='ltr'>per</span> <span class='ocrx_word' id='word_1_59' title='bbox 1523 899 1572 931; x_wconf 89' lang='lat' dir='ltr'>se</span> <span class='ocrx_word' id='word_1_60' title='bbox 1593 898 1808 931; x_wconf 86' lang='lat' dir='ltr'>exercere</span> 
     </span>
     <span class='ocr_line' id='line_1_9' title="bbox 397 959 1810 1025; baseline 0.001 -19"><span class='ocrx_word' id='word_1_61' title='bbox 397 959 626 1008; x_wconf 89' lang='lat' dir='ltr'>miracula</span> <span class='ocrx_word' id='word_1_62' title='bbox 641 997 655 1021; x_wconf 92' lang='lat'>,</span> <span class='ocrx_word' id='word_1_63' title='bbox 687 976 817 1006; x_wconf 91' lang='lat' dir='ltr'>nunc</span> <span class='ocrx_word' id='word_1_64' title='bbox 837 959 981 1007; x_wconf 90' lang='lat' dir='ltr'>etiam</span> <span class='ocrx_word' id='word_1_65' title='bbox 1002 975 1088 1024; x_wconf 90' lang='lat' dir='ltr'>per</span> <span class='ocrx_word' id='word_1_66' title='bbox 1120 976 1289 1007; x_wconf 86' lang='lat' dir='ltr'>manus</span> <span class='ocrx_word' id='word_1_67' title='bbox 1310 959 1673 1025; x_wconf 87' lang='lat' dir='ltr'>discipulorum,</span> <span class='ocrx_word' id='word_1_68' title='bbox 1703 960 1810 1008; x_wconf 86' lang='lat' dir='ltr'>asti-</span> 
     </span>
     <span class='ocr_line' id='line_1_10' title="bbox 395 1036 1809 1104; baseline 0.001 -20"><span class='ocrx_word' id='word_1_69' title='bbox 395 1037 591 1102; x_wconf 88' lang='lat' dir='ltr'>pulante</span> <span class='ocrx_word' id='word_1_70' title='bbox 614 1038 798 1086; x_wconf 88' lang='lat' dir='ltr'>virtutis</span> <span class='ocrx_word' id='word_1_71' title='bbox 814 1053 909 1085; x_wconf 87' lang='lat' dir='ltr'>suae</span> <span class='ocrx_word' id='word_1_72' title='bbox 929 1036 1105 1100; x_wconf 87' lang='lat' dir='ltr'>favore,</span> <span class='ocrx_word' id='word_1_73' title='bbox 1129 1037 1318 1103; x_wconf 87' lang='lat' dir='ltr'>publice</span> <span class='ocrx_word' id='word_1_74' title='bbox 1341 1048 1581 1104; x_wconf 85' lang='lat' dir='ltr'>operatur.</span> <span class='ocrx_word' id='word_1_75' title='bbox 1606 1038 1698 1086; x_wconf 91' lang='lat' dir='ltr'>Sed</span> <span class='ocrx_word' id='word_1_76' title='bbox 1720 1055 1809 1086; x_wconf 90' lang='lat' dir='ltr'>nec</span> 
     </span>
     <span class='ocr_line' id='line_1_11' title="bbox 398 1115 1808 1181; baseline 0 -18"><span class='ocrx_word' id='word_1_77' title='bbox 398 1116 620 1163; x_wconf 88' lang='lat' dir='ltr'>meritum</span> <span class='ocrx_word' id='word_1_78' title='bbox 643 1115 862 1181; x_wconf 91' lang='lat' dir='ltr'>discipuli</span> <span class='ocrx_word' id='word_1_79' title='bbox 892 1115 979 1163; x_wconf 87' lang='lat' dir='ltr'>fuit</span> <span class='ocrx_word' id='word_1_80' title='bbox 999 1115 1239 1179; x_wconf 82' lang='lat' dir='ltr'>exiguum,</span> <span class='ocrx_word' id='word_1_81' title='bbox 1260 1115 1338 1163; x_wconf 90' lang='lat' dir='ltr'>cui</span> <span class='ocrx_word' id='word_1_82' title='bbox 1356 1115 1459 1163; x_wconf 90' lang='lat' dir='ltr'>haec</span> <span class='ocrx_word' id='word_1_83' title='bbox 1480 1116 1683 1181; x_wconf 63' lang='lat' dir='ltr'>prestita</span> <span class='ocrx_word' id='word_1_84' title='bbox 1708 1132 1808 1163; x_wconf 86' lang='lat' dir='ltr'>esse</span> 
     </span>
    </p>
   </div>
   <div class='ocr_carea' id='block_1_3' title="bbox 397 1203 1325 1300">
    <p class='ocr_par' dir='ltr' id='par_1_3' title="bbox 397 1203 1325 1300">
     <span class='ocr_line' id='line_1_12' title="bbox 397 1203 1325 1258; baseline -0.002 -18"><span class='ocrx_word' id='word_1_85' title='bbox 397 1203 671 1242; x_wconf 88' lang='lat' dir='ltr'>cernuntur.</span> <span class='ocrx_word' id='word_1_86' title='bbox 1324 1255 1325 1258; x_wconf 7' lang='grc' dir='ltr'><strong>Ἰ</strong></span> 
     </span>
     <span class='ocr_line' id='line_1_13' title="bbox 941 1262 1262 1300; baseline -0.009 0"><span class='ocrx_word' id='word_1_87' title='bbox 941 1263 1099 1300; x_wconf 79' lang='lat' dir='ltr'>CAPUT</span> <span class='ocrx_word' id='word_1_88' title='bbox 1122 1262 1262 1298; x_wconf 88' lang='lat' dir='ltr'>XXIII.</span> 
     </span>
    </p>
   </div>
   <div class='ocr_carea' id='block_1_4' title="bbox 663 1344 1544 1394">
    <p class='ocr_par' dir='ltr' id='par_1_4' title="bbox 663 1344 1544 1394">
     <span class='ocr_line' id='line_1_14' title="bbox 663 1344 1544 1394; baseline -0.002 -12"><span class='ocrx_word' id='word_1_89' title='bbox 663 1346 716 1382; x_wconf 90' lang='lat' dir='ltr'>De</span> <span class='ocrx_word' id='word_1_90' title='bbox 733 1345 824 1394; x_wconf 86' lang='lat' dir='ltr'>pede</span> <span class='ocrx_word' id='word_1_91' title='bbox 839 1345 954 1391; x_wconf 87' lang='lat' dir='ltr'>Galli,</span> <span class='ocrx_word' id='word_1_92' title='bbox 971 1344 1202 1394; x_wconf 84' lang='lat' dir='ltr'>postmodum</span> <span class='ocrx_word' id='word_1_93' title='bbox 1214 1344 1392 1394; x_wconf 80' lang='lat' dir='ltr'>episcopi,</span> <span class='ocrx_word' id='word_1_94' title='bbox 1411 1352 1544 1380; x_wconf 80' lang='lat' dir='ltr'>sanato.</span> 
     </span>
    </p>
   </div>
   <div class='ocr_carea' id='block_1_5' title="bbox 395 1431 1814 2661">
    <p class='ocr_par' dir='ltr' id='par_1_5' title="bbox 395 1431 1814 2661">
     <span class='ocr_line' id='line_1_15' title="bbox 465 1431 1811 1499; baseline -0.001 -19"><span class='ocrx_word' id='word_1_95' title='bbox 465 1435 575 1481; x_wconf 87' lang='lat' dir='ltr'>Erat</span> <span class='ocrx_word' id='word_1_96' title='bbox 613 1434 742 1481; x_wconf 90' lang='lat' dir='ltr'>enim</span> <span class='ocrx_word' id='word_1_97' title='bbox 778 1443 891 1481; x_wconf 91' lang='lat' dir='ltr'>tunc</span> <span class='ocrx_word' id='word_1_98' title='bbox 927 1433 1155 1499; x_wconf 81' lang='lat' dir='ltr'>temporis</span> <span class='ocrx_word' id='word_1_99' title='bbox 1186 1431 1316 1498; x_wconf 90' lang='lat' dir='ltr'>apud</span> <span class='ocrx_word' id='word_1_100' title='bbox 1356 1431 1526 1479; x_wconf 89' lang='lat' dir='ltr'>urbem</span> <span class='ocrx_word' id='word_1_101' title='bbox 1558 1433 1811 1479; x_wconf 82' lang='lat' dir='ltr'>Arvernam</span> 
     </span>
     <span class='ocr_line' id='line_1_16' title="bbox 396 1507 1812 1575; baseline -0.003 -17"><span class='ocrx_word' id='word_1_102' title='bbox 396 1520 592 1575; x_wconf 87' lang='lat' dir='ltr'>patruus</span> <span class='ocrx_word' id='word_1_103' title='bbox 622 1527 773 1572; x_wconf 87' lang='lat' dir='ltr'>meus,</span> <span class='ocrx_word' id='word_1_104' title='bbox 799 1511 962 1558; x_wconf 85' lang='lat' dir='ltr'>Gallus</span> <span class='ocrx_word' id='word_1_105' title='bbox 985 1511 1261 1575; x_wconf 89' lang='lat' dir='ltr'>episcopus,</span> <span class='ocrx_word' id='word_1_106' title='bbox 1298 1508 1359 1557; x_wconf 93' lang='lat' dir='ltr'>de</span> <span class='ocrx_word' id='word_1_107' title='bbox 1379 1525 1477 1573; x_wconf 92' lang='lat' dir='ltr'>quo</span> <span class='ocrx_word' id='word_1_108' title='bbox 1502 1524 1602 1556; x_wconf 88' lang='lat' dir='ltr'>non</span> <span class='ocrx_word' id='word_1_109' title='bbox 1626 1507 1812 1555; x_wconf 89' lang='lat' dir='ltr'>videtur</span> 
     </span>
     <span class='ocr_line' id='line_1_17' title="bbox 398 1587 1811 1653; baseline -0.001 -18"><span class='ocrx_word' id='word_1_110' title='bbox 398 1589 553 1636; x_wconf 90' lang='lat' dir='ltr'>omitti</span> <span class='ocrx_word' id='word_1_111' title='bbox 586 1590 787 1653; x_wconf 88' lang='lat' dir='ltr'>qualiter</span> <span class='ocrx_word' id='word_1_112' title='bbox 811 1590 860 1636; x_wconf 91' lang='lat' dir='ltr'>in</span> <span class='ocrx_word' id='word_1_113' title='bbox 883 1589 1200 1637; x_wconf 89' lang='lat' dir='ltr'>adolescentia</span> <span class='ocrx_word' id='word_1_114' title='bbox 1227 1604 1312 1635; x_wconf 88' lang='lat' dir='ltr'>sua</span> <span class='ocrx_word' id='word_1_115' title='bbox 1340 1587 1479 1634; x_wconf 88' lang='lat' dir='ltr'>fuerit</span> <span class='ocrx_word' id='word_1_116' title='bbox 1498 1602 1528 1635; x_wconf 90' lang='lat' dir='ltr'>a</span> <span class='ocrx_word' id='word_1_117' title='bbox 1547 1587 1696 1635; x_wconf 87' lang='lat' dir='ltr'>sancti</span> <span class='ocrx_word' id='word_1_118' title='bbox 1715 1587 1811 1633; x_wconf 89' lang='lat' dir='ltr'>vir-</span> 
     </span>
     <span class='ocr_line' id='line_1_18' title="bbox 399 1664 1811 1730; baseline -0.001 -19"><span class='ocrx_word' id='word_1_119' title='bbox 399 1674 498 1712; x_wconf 87' lang='lat' dir='ltr'>tute</span> <span class='ocrx_word' id='word_1_120' title='bbox 540 1666 747 1728; x_wconf 88' lang='lat' dir='ltr'>juvatus.</span> <span class='ocrx_word' id='word_1_121' title='bbox 791 1669 864 1727; x_wconf 88' lang='lat' dir='ltr'>Et,</span> <span class='ocrx_word' id='word_1_122' title='bbox 909 1667 1020 1729; x_wconf 89' lang='lat' dir='ltr'>quia</span> <span class='ocrx_word' id='word_1_123' title='bbox 1065 1666 1232 1730; x_wconf 86' lang='lat' dir='ltr'>saepius</span> <span class='ocrx_word' id='word_1_124' title='bbox 1268 1664 1640 1711; x_wconf 88' lang='lat' dir='ltr'>commemoravi</span> <span class='ocrx_word' id='word_1_125' title='bbox 1673 1664 1811 1728; x_wconf 84' lang='lat' dir='ltr'>quale</span> 
     </span>
     <span class='ocr_line' id='line_1_19' title="bbox 396 1739 1807 1806; baseline -0.003 -16"><span class='ocrx_word' id='word_1_126' title='bbox 396 1741 636 1790; x_wconf 85' lang='lat' dir='ltr'>excidium</span> <span class='ocrx_word' id='word_1_127' title='bbox 668 1745 882 1790; x_wconf 86' lang='lat' dir='ltr'>Arvernae</span> <span class='ocrx_word' id='word_1_128' title='bbox 912 1742 1095 1806; x_wconf 87' lang='lat' dir='ltr'>regioni</span> <span class='ocrx_word' id='word_1_129' title='bbox 1121 1758 1204 1789; x_wconf 83' lang='lat' dir='ltr'>rex</span> <span class='ocrx_word' id='word_1_130' title='bbox 1236 1740 1553 1788; x_wconf 88' lang='lat' dir='ltr'>Theodericus</span> <span class='ocrx_word' id='word_1_131' title='bbox 1582 1739 1807 1801; x_wconf 89' lang='lat' dir='ltr'>intulerit,</span> 
     </span>
     <span class='ocr_line' id='line_1_20' title="bbox 400 1817 1811 1908; baseline -0.001 -43"><span class='ocrx_word' id='word_1_132' title='bbox 400 1835 512 1866; x_wconf 91' lang='lat' dir='ltr'>cum</span> <span class='ocrx_word' id='word_1_133' title='bbox 544 1835 699 1884; x_wconf 88' lang='lat' dir='ltr'>neque</span> <span class='ocrx_word' id='word_1_134' title='bbox 726 1819 987 1908; x_wconf 82' lang='lat' dir='ltr'>majoribus</span> <span class='ocrx_word' id='word_1_135' title='bbox 1014 1835 1169 1883; x_wconf 90' lang='lat' dir='ltr'>neque</span> <span class='ocrx_word' id='word_1_136' title='bbox 1196 1817 1461 1866; x_wconf 83' lang='lat' dir='ltr'>minoribus</span> <span class='ocrx_word' id='word_1_137' title='bbox 1494 1827 1610 1866; x_wconf 88' lang='lat' dir='ltr'>natu</span> <span class='ocrx_word' id='word_1_138' title='bbox 1631 1817 1811 1881; x_wconf 84' lang='lat' dir='ltr'>aliquid</span> 
     </span>
     <span class='ocr_line' id='line_1_21' title="bbox 398 1896 1812 1965; baseline -0.001 -22"><span class='ocrx_word' id='word_1_139' title='bbox 398 1896 459 1944; x_wconf 92' lang='lat' dir='ltr'>de</span> <span class='ocrx_word' id='word_1_140' title='bbox 491 1897 633 1946; x_wconf 90' lang='lat' dir='ltr'>rebus</span> <span class='ocrx_word' id='word_1_141' title='bbox 662 1899 867 1965; x_wconf 89' lang='lat' dir='ltr'>propriis</span> <span class='ocrx_word' id='word_1_142' title='bbox 886 1908 956 1946; x_wconf 89' lang='lat' dir='ltr'>est</span> <span class='ocrx_word' id='word_1_143' title='bbox 976 1897 1209 1958; x_wconf 87' lang='lat' dir='ltr'>relictum,</span> <span class='ocrx_word' id='word_1_144' title='bbox 1232 1906 1400 1962; x_wconf 86' lang='lat' dir='ltr'>praeter</span> <span class='ocrx_word' id='word_1_145' title='bbox 1419 1907 1595 1945; x_wconf 88' lang='lat' dir='ltr'>terram</span> <span class='ocrx_word' id='word_1_146' title='bbox 1610 1911 1812 1943; x_wconf 90' lang='lat' dir='ltr'>vacuam</span> 
     </span>
     <span class='ocr_line' id='line_1_22' title="bbox 397 1970 1811 2059; baseline -0.001 -38"><span class='ocrx_word' id='word_1_147' title='bbox 397 1990 543 2037; x_wconf 89' lang='lat' dir='ltr'>quam</span> <span class='ocrx_word' id='word_1_148' title='bbox 577 1991 740 2022; x_wconf 90' lang='lat' dir='ltr'>secum</span> <span class='ocrx_word' id='word_1_149' title='bbox 776 1974 971 2023; x_wconf 87' lang='lat' dir='ltr'>barbari</span> <span class='ocrx_word' id='word_1_150' title='bbox 1002 1973 1121 2022; x_wconf 89' lang='lat' dir='ltr'>ferre</span> <span class='ocrx_word' id='word_1_151' title='bbox 1158 1990 1258 2021; x_wconf 89' lang='lat' dir='ltr'>non</span> <span class='ocrx_word' id='word_1_152' title='bbox 1298 1982 1548 2039; x_wconf 89' lang='lat' dir='ltr'>poterant;</span> <span class='ocrx_word' id='word_1_153' title='bbox 1586 1970 1662 2019; x_wconf 89' lang='lat' dir='ltr'>his</span> <span class='ocrx_word' id='word_1_154' title='bbox 1697 1988 1811 2059; x_wconf 81' lang='lat' dir='ltr'>ergo</span> 
     </span>
     <span class='ocr_line' id='line_1_23' title="bbox 395 2049 1814 2117; baseline -0.001 -19"><span class='ocrx_word' id='word_1_155' title='bbox 395 2050 695 2117; x_wconf 89' lang='lat' dir='ltr'>temporibus</span> <span class='ocrx_word' id='word_1_156' title='bbox 743 2053 959 2117; x_wconf 87' lang='lat' dir='ltr'>gloriosae</span> <span class='ocrx_word' id='word_1_157' title='bbox 1004 2051 1245 2099; x_wconf 86' lang='lat' dir='ltr'>memoriae</span> <span class='ocrx_word' id='word_1_158' title='bbox 1287 2060 1484 2116; x_wconf 88' lang='lat' dir='ltr'>patruus</span> <span class='ocrx_word' id='word_1_159' title='bbox 1524 2065 1658 2096; x_wconf 90' lang='lat' dir='ltr'>meus</span> <span class='ocrx_word' id='word_1_160' title='bbox 1673 2086 1686 2110; x_wconf 97' lang='lat'>,</span> <span class='ocrx_word' id='word_1_161' title='bbox 1730 2049 1814 2113; x_wconf 91' lang='lat' dir='ltr'>qui</span> 
     </span>
     <span class='ocr_line' id='line_1_24' title="bbox 398 2126 1814 2194; baseline -0.002 -18"><span class='ocrx_word' id='word_1_162' title='bbox 398 2138 581 2194; x_wconf 89' lang='lat' dir='ltr'>postea,</span> <span class='ocrx_word' id='word_1_163' title='bbox 610 2139 664 2177; x_wconf 91' lang='lat' dir='ltr'>ut</span> <span class='ocrx_word' id='word_1_164' title='bbox 688 2130 812 2193; x_wconf 77' lang='lat' dir='ltr'>dixi,</span> <span class='ocrx_word' id='word_1_165' title='bbox 845 2129 1126 2179; x_wconf 87' lang='lat' dir='ltr'>sacerdotali</span> <span class='ocrx_word' id='word_1_166' title='bbox 1155 2128 1277 2176; x_wconf 87' lang='lat' dir='ltr'>fasce</span> <span class='ocrx_word' id='word_1_167' title='bbox 1310 2129 1567 2174; x_wconf 87' lang='lat' dir='ltr'>Arvernam</span> <span class='ocrx_word' id='word_1_168' title='bbox 1593 2126 1712 2174; x_wconf 86' lang='lat' dir='ltr'>rexit</span> <span class='ocrx_word' id='word_1_169' title='bbox 1741 2142 1814 2173; x_wconf 88' lang='lat' dir='ltr'>ec-</span> 
     </span>
     <span class='ocr_line' id='line_1_25' title="bbox 398 2203 1814 2274; baseline -0.003 -20"><span class='ocrx_word' id='word_1_170' title='bbox 398 2206 614 2269; x_wconf 88' lang='lat' dir='ltr'>clesiam,</span> <span class='ocrx_word' id='word_1_171' title='bbox 636 2209 842 2274; x_wconf 92' lang='lat' dir='ltr'>pupillus</span> <span class='ocrx_word' id='word_1_172' title='bbox 863 2217 989 2270; x_wconf 90' lang='lat' dir='ltr'>erat,</span> <span class='ocrx_word' id='word_1_173' title='bbox 1012 2207 1145 2271; x_wconf 91' lang='lat' dir='ltr'>cujus</span> <span class='ocrx_word' id='word_1_174' title='bbox 1161 2206 1401 2254; x_wconf 89' lang='lat' dir='ltr'>facultates</span> <span class='ocrx_word' id='word_1_175' title='bbox 1418 2205 1483 2253; x_wconf 86' lang='lat' dir='ltr'>ita</span> <span class='ocrx_word' id='word_1_176' title='bbox 1497 2203 1688 2269; x_wconf 88' lang='lat' dir='ltr'>direptae</span> <span class='ocrx_word' id='word_1_177' title='bbox 1703 2212 1814 2251; x_wconf 93' lang='lat' dir='ltr'>sunt</span> 
     </span>
     <span class='ocr_line' id='line_1_26' title="bbox 399 2283 1806 2351; baseline -0.005 -17"><span class='ocrx_word' id='word_1_178' title='bbox 399 2284 461 2333; x_wconf 85' lang='lat' dir='ltr'>ab</span> <span class='ocrx_word' id='word_1_179' title='bbox 492 2287 699 2334; x_wconf 84' lang='lat' dir='ltr'>exercitu</span> <span class='ocrx_word' id='word_1_180' title='bbox 730 2297 783 2334; x_wconf 93' lang='lat' dir='ltr'>ut</span> <span class='ocrx_word' id='word_1_181' title='bbox 810 2286 929 2334; x_wconf 92' lang='lat' dir='ltr'>nihil</span> <span class='ocrx_word' id='word_1_182' title='bbox 953 2301 1147 2351; x_wconf 90' lang='lat' dir='ltr'>prorsus</span> <span class='ocrx_word' id='word_1_183' title='bbox 1177 2292 1443 2331; x_wconf 90' lang='lat' dir='ltr'>remaneret</span> <span class='ocrx_word' id='word_1_184' title='bbox 1479 2283 1530 2328; x_wconf 91' lang='lat' dir='ltr'>in</span> <span class='ocrx_word' id='word_1_185' title='bbox 1563 2290 1806 2347; x_wconf 88' lang='lat' dir='ltr'>promptu.</span> 
     </span>
     <span class='ocr_line' id='line_1_27' title="bbox 400 2358 1811 2430; baseline -0.004 -19"><span class='ocrx_word' id='word_1_186' title='bbox 400 2365 502 2429; x_wconf 86' lang='lat' dir='ltr'>lpse</span> <span class='ocrx_word' id='word_1_187' title='bbox 533 2382 725 2430; x_wconf 91' lang='lat' dir='ltr'>quoque</span> <span class='ocrx_word' id='word_1_188' title='bbox 755 2381 867 2413; x_wconf 92' lang='lat' dir='ltr'>cum</span> <span class='ocrx_word' id='word_1_189' title='bbox 893 2381 993 2412; x_wconf 89' lang='lat' dir='ltr'>uno</span> <span class='ocrx_word' id='word_1_190' title='bbox 1017 2373 1203 2411; x_wconf 87' lang='lat' dir='ltr'>tantum</span> <span class='ocrx_word' id='word_1_191' title='bbox 1223 2361 1424 2426; x_wconf 89' lang='lat' dir='ltr'>puerulo</span> <span class='ocrx_word' id='word_1_192' title='bbox 1449 2375 1598 2424; x_wconf 90' lang='lat' dir='ltr'>usque</span> <span class='ocrx_word' id='word_1_193' title='bbox 1623 2358 1686 2406; x_wconf 89' lang='lat' dir='ltr'>ad</span> <span class='ocrx_word' id='word_1_194' title='bbox 1713 2359 1811 2406; x_wconf 87' lang='lat' dir='ltr'>Bri-</span> 
     </span>
     <span class='ocr_line' id='line_1_28' title="bbox 398 2437 1812 2508; baseline -0.004 -20"><span class='ocrx_word' id='word_1_195' title='bbox 398 2451 641 2490; x_wconf 86' lang='lat' dir='ltr'>vatensem</span> <span class='ocrx_word' id='word_1_196' title='bbox 656 2443 838 2504; x_wconf 89' lang='lat' dir='ltr'>vicum,</span> <span class='ocrx_word' id='word_1_197' title='bbox 856 2443 1135 2508; x_wconf 90' lang='lat' dir='ltr'>plerumque</span> <span class='ocrx_word' id='word_1_198' title='bbox 1150 2439 1316 2488; x_wconf 86' lang='lat' dir='ltr'>itinere</span> <span class='ocrx_word' id='word_1_199' title='bbox 1337 2437 1560 2503; x_wconf 85' lang='lat' dir='ltr'>pedestri,</span> <span class='ocrx_word' id='word_1_200' title='bbox 1585 2437 1812 2484; x_wconf 84' lang='lat' dir='ltr'>discurre-</span> 
     </span>
     <span class='ocr_line' id='line_1_29' title="bbox 398 2514 1811 2583; baseline -0.004 -18"><span class='ocrx_word' id='word_1_201' title='bbox 398 2516 498 2566; x_wconf 86' lang='lat' dir='ltr'>bat.</span> <span class='ocrx_word' id='word_1_202' title='bbox 533 2520 711 2568; x_wconf 88' lang='lat' dir='ltr'>Accidit</span> <span class='ocrx_word' id='word_1_203' title='bbox 743 2530 903 2568; x_wconf 89' lang='lat' dir='ltr'>autem</span> <span class='ocrx_word' id='word_1_204' title='bbox 932 2517 1143 2583; x_wconf 89' lang='lat' dir='ltr'>quodam</span> <span class='ocrx_word' id='word_1_205' title='bbox 1175 2526 1408 2581; x_wconf 86' lang='lat' dir='ltr'>tempore,</span> <span class='ocrx_word' id='word_1_206' title='bbox 1445 2515 1563 2562; x_wconf 90' lang='lat' dir='ltr'>dum</span> <span class='ocrx_word' id='word_1_207' title='bbox 1592 2514 1689 2562; x_wconf 93' lang='lat' dir='ltr'>hoc</span> <span class='ocrx_word' id='word_1_208' title='bbox 1724 2514 1811 2561; x_wconf 88' lang='lat' dir='ltr'>iter</span> 
     </span>
     <span class='ocr_line' id='line_1_30' title="bbox 398 2589 1811 2661; baseline -0.003 -20"><span class='ocrx_word' id='word_1_209' title='bbox 398 2604 585 2657; x_wconf 87' lang='lat' dir='ltr'>tereret,</span> <span class='ocrx_word' id='word_1_210' title='bbox 609 2607 678 2659; x_wconf 87' lang='lat' dir='ltr'>ut,</span> <span class='ocrx_word' id='word_1_211' title='bbox 695 2597 860 2645; x_wconf 86' lang='lat' dir='ltr'>laxatis</span> <span class='ocrx_word' id='word_1_212' title='bbox 879 2613 976 2661; x_wconf 87' lang='lat' dir='ltr'>prae</span> <span class='ocrx_word' id='word_1_213' title='bbox 993 2595 1149 2642; x_wconf 87' lang='lat' dir='ltr'>calore</span> <span class='ocrx_word' id='word_1_214' title='bbox 1173 2593 1285 2641; x_wconf 91' lang='lat' dir='ltr'>solis</span> <span class='ocrx_word' id='word_1_215' title='bbox 1307 2592 1654 2652; x_wconf 90' lang='lat' dir='ltr'>calceamentis,</span> <span class='ocrx_word' id='word_1_216' title='bbox 1681 2589 1811 2638; x_wconf 91' lang='lat' dir='ltr'>nuda</span> 
     </span>
    </p>
   </div>
   <div class='ocr_carea' id='block_1_6' title="bbox 399 2669 1810 2741">
    <p class='ocr_par' dir='ltr' id='par_1_6' title="bbox 399 2669 1810 2741">
     <span class='ocr_line' id='line_1_31' title="bbox 399 2669 1810 2741; baseline -0.004 -21"><span class='ocrx_word' id='word_1_217' title='bbox 399 2673 624 2723; x_wconf 86' lang='lat' dir='ltr'>incedens</span> <span class='ocrx_word' id='word_1_218' title='bbox 668 2677 830 2741; x_wconf 89' lang='lat' dir='ltr'>planta</span> <span class='ocrx_word' id='word_1_219' title='bbox 866 2674 1033 2722; x_wconf 89' lang='lat' dir='ltr'>sudem</span> <span class='ocrx_word' id='word_1_220' title='bbox 1074 2672 1273 2733; x_wconf 83' lang='lat' dir='ltr'>calcaret</span> <span class='ocrx_word' id='word_1_221' title='bbox 1303 2672 1544 2737; x_wconf 89' lang='lat' dir='ltr'>spineum,</span> <span class='ocrx_word' id='word_1_222' title='bbox 1581 2669 1662 2735; x_wconf 91' lang='lat' dir='ltr'>qui</span> <span class='ocrx_word' id='word_1_223' title='bbox 1696 2678 1810 2716; x_wconf 93' lang='lat' dir='ltr'>tunc</span> 
     </span>
    </p>
   </div>
   <div class='ocr_carea' id='block_1_7' title="bbox 455 2814 1436 2866">
    <p class='ocr_par' dir='ltr' id='par_1_7' title="bbox 455 2814 1436 2866">
     <span class='ocr_line' id='line_1_32' title="bbox 455 2814 1436 2866; baseline -0.006 -11"><span class='ocrx_word' id='word_1_224' title='bbox 455 2820 509 2866; x_wconf 76' lang='lat'>(1)</span> <span class='ocrx_word' id='word_1_225' title='bbox 534 2817 608 2857; x_wconf 79' lang='lat' dir='ltr'>nic</span> <span class='ocrx_word' id='word_1_226' title='bbox 624 2825 663 2856; x_wconf 88' lang='lat' dir='ltr'>et</span> <span class='ocrx_word' id='word_1_227' title='bbox 679 2817 779 2856; x_wconf 85' lang='lat' dir='ltr'>infra</span> <span class='ocrx_word' id='word_1_228' title='bbox 796 2819 1055 2865; x_wconf 76' lang='lat' dir='ltr'>Brivatinsim,</span> <span class='ocrx_word' id='word_1_229' title='bbox 1076 2816 1296 2859; x_wconf 80' lang='lat' dir='ltr'>Brioatinsi‚</span> <span class='ocrx_word' id='word_1_230' title='bbox 1317 2814 1436 2851; x_wconf 74' lang='lat'>2204.</span> 
     </span>
    </p>
   </div>
  </div>
 </body>
</html>
