2002 3418
371 346 447 382 260
765 345 830 381 DE
858 343 1041 382 GLORIA
1070 344 1364 382 MARTYRUM.

370 451 462 498 que
495 434 747 499 imperator
773 432 1008 480 didicisset
1049 449 1130 479 eos
1170 433 1219 479 in
1255 432 1349 479 hoc
1380 441 1517 480 antro
1553 434 1761 495 morari,

369 522 488 559 nutu
503 511 607 573 Dei,
624 511 759 574 jussit
776 527 829 557 os
851 510 1082 575 speluncae
1103 510 1284 572 magnis
1298 509 1532 575 lapidibus
1547 511 1763 575 oppilari,

366 589 528 637 dicens
546 607 557 635 ε
582 608 605 634 «
622 588 692 636 Ibi
704 589 934 636 intereant
945 588 1027 652 qui
1043 587 1132 634 diis
1147 587 1318 634 nostris
1337 587 1578 635 immolare
1599 587 1765 635 nolue-

364 677 491 714 runt.
518 688 541 710 ³)
576 665 718 724 Quod
751 665 866 712 dum
897 675 1126 728 ageretur,
1161 664 1353 729 quidam
1389 664 1689 724 christianus,
1716 665 1766 711 in

364 744 524 792 tabula
542 743 767 809 plumbea
786 744 982 791 nomina
1002 753 1048 790 et
1069 743 1343 807 martyrium
1358 759 1524 790 eorum
1539 741 1764 803 scribens,

362 823 484 870 clam
505 823 555 868 in
576 822 707 869 aditu
727 837 940 881 ,cavernae
961 821 1233 885 priusquam
1254 820 1541 885 oppilaretur
1560 820 1762 866 inclusit.

362 901 473 946 Post
497 899 756 945 multorum
783 915 898 944 vero
928 914 1164 945 annorum
1200 897 1457 958 curricula,
1491 913 1599 944 cum
1617 934 1630 958 ,
1658 897 1768 946 data

361 975 578 1021 Ecclesiis
620 990 736 1039 pace
762 1011 774 1034 ,
827 973 1118 1021 Theodosius
1160 974 1441 1021 christianus
1491 973 1768 1022 obtinuisset

362 1051 636 1115 imperium,
665 1051 864 1097 surrexit
883 1050 1070 1097 haeresis
1094 1051 1340 1098 immunda
1371 1051 1736 1099 Sadducaeorum
1750 1089 1763 1113 ,

359 1128 441 1190 qui
485 1137 658 1191 negant
698 1129 1088 1175 resurrectionem
1132 1127 1354 1175 futuram.
1399 1131 1530 1175 Tunc
1572 1128 1768 1192 quidam

356 1206 471 1252 civis
507 1206 735 1271 Ephesius
753 1243 767 1267 ,
814 1206 928 1252 dum
975 1206 1134 1253 caulas
1175 1205 1343 1253 ovibus
1382 1222 1516 1253 secus
1554 1215 1765 1253 montem

356 1283 512 1347 ipsum
542 1283 694 1331 facere
723 1284 933 1333 destinat
966 1299 1022 1331 ac
1065 1283 1244 1348 lapides
1293 1283 1491 1330 divolvit
1529 1283 1590 1331 ad
1627 1299 1768 1349 coap—

355 1359 503 1408 tanda
524 1377 687 1409 earum
710 1371 866 1426 septa,
893 1361 1082 1424 ignarus
1103 1377 1207 1425 quae
1228 1371 1476 1423 agerentur
1490 1361 1763 1422 introrsum,

349 1431 574 1502 ⁴patefecit
601 1439 864 1502 ingressum
896 1438 1024 1502 ejus;
1055 1454 1154 1485 non
1184 1448 1343 1486 tamen
1380 1438 1604 1501 cognovit
1640 1454 1769 1486 arca·

354 1532 472 1562 num
505 1517 638 1580 quod
679 1516 946 1564 habebatur
995 1516 1289 1564 intrinsecus.
1337 1513 1571 1563 Dominus
1610 1525 1767 1564 autem

353 1593 544 1640 immisit
574 1603 755 1658 septem
788 1594 901 1640 viris
932 1594 1149 1659 spiritum
1178 1594 1283 1641 vitae
1298 1630 1312 1655 ,
1350 1603 1398 1641 et
1427 1603 1730 1641 surrexerunt
1750 1630 1763 1654 ,

352 1679 665 1734 putantesque
683 1670 815 1733 quod
837 1686 935 1717 una
968 1679 1151 1717 tantum
1176 1680 1315 1718 nocte
1335 1670 1651 1732 dormiissent,
1678 1671 1766 1718 mi·

351 1757 513 1794 serunt
532 1764 735 1812 puerum
754 1764 907 1795 unum
928 1764 985 1794 ex
1005 1764 1055 1795 se
1077 1749 1158 1811 qui
1181 1747 1314 1795 cibos
1335 1757 1528 1796 emeret.
1552 1750 1766 1812 Cumque

350 1825 545 1872 veniens
569 1841 710 1890 super
730 1835 921 1891 portam
941 1825 1139 1872 civitatis
1161 1825 1353 1873 vidisset
1375 1826 1527 1873 crucis
1556 1825 1766 1888 gloriosae

351 1903 644 1967 signaculum
694 1903 1011 1967 audiissetque
1052 1919 1138 1967 per
1180 1903 1352 1950 Christi
1399 1919 1577 1950 nomen
1607 1903 1766 1966 jurare

351 1982 585 2045 populum
610 2019 624 2043 ,
669 1981 947 2046 obstupuit3
986 1980 1275 2045 prolatisque
1315 1980 1521 2027 nummis
1541 2016 1555 2041 ,
1586 1997 1708 2044 quos
1737 1997 1767 2028 a

351 2065 565 2123 tempore
589 2059 720 2106 Decii
740 2058 948 2106 habebat
963 2074 1026 2120 ,a
1046 2068 1306 2105 mercatore
1328 2057 1762 2122 comprehenditur,

354 2133 540 2183 dicente
564 2135 653 2183 sibi
685 2155 696 2183 :
731 2156 755 2182 «
776 2137 899 2194 Quia
920 2135 1224 2184 absconditos
1245 2135 1502 2199 antiquitus
1522 2134 1766 2183 thesauros

354 2214 584 2278 reperisti.
610 2233 634 2259 »
661 2217 717 2261 At
750 2215 827 2262 ille
851 2231 1029 2278 negans
1062 2212 1310 2260 deducitur
1333 2211 1395 2260 ad
1416 2213 1689 2278 episcopum
1709 2229 1766 2261 ac

350 2289 561 2352 judicem
582 2292 795 2339 civitatis.
830 2293 1044 2354 Cumque
1066 2289 1127 2338 ab
1151 2290 1225 2336 his
1249 2299 1535 2352 argueretur,
1560 2289 1766 2354 compel-

353 2366 480 2414 lente
514 2368 785 2416 necessitate
803 2405 817 2430 ,
850 2367 1182 2415 absconditum
1203 2367 1476 2430 mysterium
1510 2366 1731 2414 revelavit
1746 2403 1761 2429 ,

355 2453 403 2491 et
425 2443 620 2492 deduxit
650 2462 732 2493 eos
754 2445 816 2492 ad
840 2445 1114 2510 speluncam
1134 2445 1184 2491 in
1205 2459 1300 2508 qua
1319 2444 1409 2491 viri
1438 2453 1588 2492 erant.
1622 2446 1764 2492 Cum-

356 2536 449 2584 que
488 2522 813 2586 ingrederetur
843 2524 1092 2587 episcopus
1107 2559 1120 2584 ,
1156 2523 1335 2570 invenit
1374 2522 1585 2570 tabulam
1613 2522 1765 2587 plum-

356 2596 497 2645 beam
514 2637 527 2661 ,
565 2600 615 2646 in
652 2615 748 2663 qua
786 2599 946 2647 omnia
984 2615 1089 2663 quae
1132 2600 1421 2664 pertulerant
1465 2598 1764 2647 habebantur

356 2676 528 2741 scripta
543 2714 556 2737 ,
581 2676 860 2740 locutusque
878 2693 989 2723 cum
1007 2676 1101 2738 eis,
1129 2677 1464 2725 nuntiaverunt
1491 2676 1592 2724 haec
1622 2693 1763 2723 cursu
1837 2683 1842 2687 “

356 2753 525 2819 rapido
547 2754 819 2819 imperatori
842 2754 1127 2802 Theodosio.
1155 2758 1211 2802 At
1235 2755 1313 2803 ille
1335 2756 1528 2803 veniens
1548 2754 1763 2802 adoravit

354 2849 436 2880 eos
454 2849 634 2898 pronus
656 2834 706 2880 in
731 2843 855 2881 terra
870 2870 883 2895 ,
909 2834 991 2897 qui
1009 2833 1092 2882 tali
1108 2834 1348 2897 colloquio
1375 2850 1485 2880 cum
1503 2833 1671 2880 eodem
1689 2832 1761 2880 usi
