2002 3418
362 371 411 408 56
763 374 829 410 DE.
858 372 1045 411 GLORIA
1078 369 1371 408 MARTYRUM.

933 520 1090 557 CAPUT
1114 520 1197 555 XX.

461 617 513 651 De
531 617 675 653 ecclesia
691 618 732 655 B.
751 618 886 663 Mariae‚
905 627 939 654 et
953 618 1088 654 ultione
1107 615 1355 665 pejerantium,
1372 614 1469 663 apud
1484 615 1661 650 Turones.

423 715 476 759 ln
505 712 625 759 urbe
651 723 810 760 autem
831 714 1095 774 Turonica,
1118 723 1187 760 est
1210 713 1406 760 ecclesia
1427 720 1597 758 sanctae
1619 710 1774 757 Mariae

357 790 549 853 virginis
565 828 577 852 ‚
593 807 649 838 ac
665 792 814 838 sancti
833 792 1028 838 Joannis·
1042 793 1254 856 Baptistae
1271 791 1465 837 nomine
1484 797 1772 848 consecrata,

357 868 405 913 in
425 883 520 930 qua
538 868 587 914 in
608 868 807 932 perjuris
825 869 943 916 ultio
964 869 1124 916 divina
1140 868 1373 934 apparuit.
1393 866 1601 925 Quidam
1618 875 1777 913 autem

358 961 469 992 cum
488 945 550 992 ad
570 945 912 1009 perjurandum
935 947 983 993 in
1007 947 1134 994 hanc
1156 947 1401 994 ecclesiam
1425 945 1583 992 fuisset
1606 946 1779 1008 ingres-

358 1039 437 1068 sus
453 1060 465 1082 ‚
493 1022 579 1069 ubi
601 1039 770 1069 manus
792 1034 902 1071 ante
925 1025 1069 1072 altare
1084 1062 1096 1085 ‚
1125 1034 1252 1071 stans
1274 1040 1460 1070 sursum
1477 1061 1489 1084 ‚
1513 1022 1701 1083 extulit,
1726 1031 1780 1069 ut

358 1109 707 1146 sacramentum
748 1099 954 1147 mendax
995 1099 1228 1165 proferret
1244 1138 1256 1161 ‚
1302 1101 1483 1160 statim,
1531 1100 1780 1163 resupinus

358 1191 518 1236 ruens,
549 1177 614 1223 ita
636 1186 779 1241 caput
803 1177 853 1223 in
876 1178 1204 1242 pavimentum
1226 1177 1395 1224 collisit
1411 1214 1423 1235 ,
1447 1187 1501 1223 ut
1524 1176 1600 1222 vix
1619 1175 1693 1222 vel
1715 1176 1781 1222 vi-

359 1269 476 1300 vens
498 1254 612 1317 erigi
629 1256 876 1318 potuisset.
899 1254 969 1302 Ad
988 1272 1036 1301 se
1061 1265 1220 1302 autem
1240 1271 1474 1312 reversus,
1492 1253 1660 1300 dolum
1677 1269 1782 1317 per-

356 1330 498 1392 jurii,
541 1331 675 1395 quod
716 1332 1012 1394 occultabat,
1053 1331 1245 1398 publice
1289 1330 1524 1397 patefecit.
1565 1327 1782 1376 Vidimus

360 1408 489 1454 enim
507 1418 554 1455 et
573 1426 660 1456 nos
680 1410 914 1473 quosdam
937 1410 997 1457 de
1014 1410 1261 1456 Turonicis
1284 1410 1333 1455 in
1353 1409 1461 1455 loco
1486 1406 1658 1454 eodem
1679 1422 1783 1471 per-

357 1485 538 1549 jurasse
555 1525 567 1549 ‚
593 1488 676 1551 qui
693 1488 758 1535 ita
780 1489 946 1536 divino
963 1488 1147 1552 judicio
1171 1486 1478 1534 condemnati
1500 1493 1634 1545 sunt,
1662 1484 1782 1531 utin

365 1562 511 1627 ipsius
534 1566 649 1612 anni
670 1566 907 1613 curriculo
930 1565 1178 1613 finirentur
1199 1580 1229 1612 a
1254 1563 1440 1611 saeculo.

928 1733 1087 1769 CAPUT
1110 1732 1212 1769 XXI.

719 1833 772 1867 De
787 1833 903 1868 forma
917 1832 1064 1868 Domini
1082 1831 1179 1879 apud
1195 1830 1427 1867 Phaniadam.

433 1933 596 1996 Igitur,
627 1945 681 1981 ut
699 1935 905 1983 diximus
923 1973 937 1998 ‚
963 1937 1011 1984 in
1037 1937 1141 2002 ipso
1163 1936 1319 2001 primo
1339 1934 1561 1982 Jordanis
1578 1950 1782 1997 egressu,

366 2009 609 2059 Phaniada
626 2013 789 2060 civitas
805 2014 893 2061 sita
908 2024 978 2061 est
993 2051 1005 2075 ,
1026 2014 1076 2060 in
1095 2030 1191 2078 qua
1207 2012 1412 2060 habetur
1429 2021 1582 2059 statua
1598 2027 1654 2058 ex
1670 2011 1788 2057 elec-

365 2096 441 2134 tro
475 2089 727 2153 purissimo
759 2089 986 2138 fabricata
1004 2128 1015 2149 ,
1053 2091 1101 2137 in
1141 2106 1237 2153 qua
1278 2087 1604 2152 Redemptoris
1641 2088 1787 2134 nostri

368 2163 521 2212 forma
547 2165 720 2213 dicitur
753 2183 853 2215 esse
888 2184 1121 2233 expressa.
1158 2171 1277 2216 Nam
1294 2205 1306 2229 ,
1330 2177 1383 2213 ut
1403 2182 1431 2213 a
1451 2166 1687 2230 plerisque
1708 2180 1789 2211 au-

369 2242 483 2304 divi,
504 2245 587 2307 qui
605 2261 712 2292 eam
729 2246 1037 2311 contemplati
1054 2245 1256 2306 fuerant,
1278 2245 1396 2291 mira
1415 2243 1600 2290 claritas
1622 2242 1672 2288 in
1689 2241 1788 2304 ejus

369 2318 485 2366 facie
509 2324 794 2371 continetur.
823 2323 917 2370 Sed
939 2339 1000 2370 ne
1028 2323 1104 2370 cui
1129 2323 1344 2370 videatur
1369 2319 1630 2367 absurdum
1648 2356 1660 2379 ‚
1685 2334 1789 2364 nar-

368 2412 472 2444 rare
495 2414 599 2462 quae
621 2400 682 2448 de
708 2417 765 2449 ea
790 2401 1085 2448 Caesariensis
1109 2399 1250 2447 refert
1281 2397 1511 2447 Eusebius
1534 2413 1634 2443 non
1658 2397 1789 2460 pige-

367 2472 454 2520 bit.
499 2477 569 2524 Ait
598 2479 728 2526 enim
755 2497 766 2525 :
797 2499 821 2523 <c
842 2479 1087 2526 Mulierem
1109 2495 1254 2543 quam
1282 2476 1523 2540 sanguinis
1548 2474 1787 2540 profluvio

366 2550 663 2602 laborantem
703 2572 731 2603 a
767 2556 1008 2603 Salvatore
1050 2566 1261 2603 curatam
1302 2553 1555 2617 Evangelia
1591 2551 1791 2599 tradide-

369 2639 504 2690 runt,
527 2631 669 2695 hujus
689 2632 820 2680 urbis
839 2633 991 2680 civem
1013 2642 1198 2681 constat
1214 2633 1353 2680 fuisse
1371 2669 1382 2693 ‚
1403 2631 1670 2693 domusque
1689 2632 1788 2692 eJus

367 2705 417 2751 in
440 2722 498 2753 ea
518 2709 662 2756 etiam
685 2727 814 2758 nunc
846 2709 1125 2758 ostenditur.
1156 2714 1247 2757 Pro
1278 2709 1460 2757 foribus
1479 2723 1593 2755 vero
1614 2706 1788 2753 domus

368 2783 514 2847 ipsius
530 2822 542 2846 ‚
570 2786 697 2835 basis
719 2788 936 2852 quaedam
959 2790 1008 2836 in
1030 2790 1140 2837 loco
1163 2789 1361 2837 editiore
1391 2787 1624 2834 collocata
1653 2799 1789 2830 mon-

369 2869 541 2909 stratur
557 2901 569 2924 ‚
608 2865 656 2911 in
687 2882 782 2929 qua
809 2866 1016 2914 mulieris
1043 2867 1187 2931 ipsius
1216 2866 1343 2913 velut
1384 2863 1581 2928 genibus
1610 2876 1787 2926 provo-
