2002 3418
415 354 465 393 48
812 358 877 393 DE
907 357 1092 394 GLORIA
1122 357 1258 394 MART
1259 357 1415 394 YRUM.

413 465 483 502 est
503 472 692 520 aequum
712 467 766 504 ut
786 457 880 504 hoc
899 458 1068 522 pignus
1091 459 1138 503 in
1161 457 1269 503 1000
1295 456 1446 503 viliori
1470 465 1706 517 teneatur;
1733 456 1815 503 sed

412 550 570 596 surge,
598 543 644 580 et
664 534 780 581 illud
801 535 984 599 accipe,
1008 545 1054 581 et
1074 533 1204 581 deser
1234 534 1295 580 ad
1316 533 1648 581 Taurinensem
1674 534 1818 581 eccle-

411 611 546 674 siam,
569 629 673 675 quae
690 613 796 677 plus
812 613 1055 678 popularis
1074 612 1294 660 habetur.
1317 633 1339 655 2>
1369 612 1457 658 Cui
1479 612 1556 659 ille
1575 612 1818 677 respondit

410 689 522 751 quia
559 689 659 736 haec
699 706 836 753 agere
871 706 970 736 non
998 689 1218 736 audebat.
1253 689 1622 736 Archidiaconus
1655 688 1773 735 dixit
1800 706 1810 734 ε

413 783 437 808 11
453 767 551 828 Ego
568 766 664 813 hoc
682 766 908 828 deferam,
935 767 974 814 si
993 767 1238 831 permittis.
1259 785 1284 811 »
1307 769 1364 813 Et
1381 767 1657 831 episcopus:
1684 784 1708 810 «
1725 768 1816 812 Fac

408 844 539 907 quod
558 844 687 892 libet.
711 864 734 888 »
759 848 889 892 Tunc
907 845 1270 893 archidiaconus
1288 845 1518 893 accedens
1549 844 1610 892 ad
1633 844 1811 905 locum,

407 919 525 967 dum
540 921 720 984 vigilias
733 921 939 969 celebrat
951 959 963 982 ,
982 922 1123 969 mittit
1138 939 1333 970 manum
1352 921 1414 969 ad
1430 921 1685 987 capsulam.
1706 922 1814 968 Mox

407 1014 570 1046 amens
595 998 809 1060 effectus,
835 1015 1059 1046 3000115115
1089 999 1219 1047 febre
1233 1037 1246 1061 ‚
1274 999 1351 1046 die
1377 1000 1515 1047 tertio
1537 999 1809 1064 exspiravit3

407 1074 647 1138 factusque
671 1086 742 1122 est
765 1076 910 1122 timor
941 1091 1140 1139 magnus
1169 1076 1414 1138 omnibus,
1443 1093 1531 1124 1100
1561 1075 1812 1140 quisquam

405 1151 528 1199 ultra
547 1151 687 1199 beata
703 1153 905 1217 pignora
925 1168 1065 1200 ausus
1082 1162 1151 1199 est
1171 1163 1369 1200 mutare.

977 1297 1132 1333 CAPUT
1156 1297 1238 1332 XV.

457 1388 509 1421 De
523 1387 677 1433 reliquiis
690 1385 784 1422 beati
800 1386 948 1421 Joannis
965 1385 1058 1421 infra
1075 1384 1326 1420 monasterium
1345 1384 1456 1421 sancti
1473 1385 1615 1420 Martini
1627 1384 1762 1433 positis.

469 1480 630 1545 Apud¹
651 1480 935 1527 Turonicam
962 1495 1076 1526 vero
1109 1478 1304 1540 urbem,
1334 1479 1451 1525 dum
1477 1479 1527 1525 in
1551 1479 1810 1526 oratorium

402 1559 506 1604 atrii
527 1557 652 1605 beati
672 1558 859 1605 Martini
877 1557 1022 1622 ipsius
1044 1557 1347 1603 Praecursoris
1368 1557 1589 1619 reliquias
1609 1557 1812 1604 colloca-

401 1651 583 1693 remus,
608 1651 756 1681 caecus
777 1634 989 1698 quidam,
1018 1634 1306 1681 adminiculo
1332 1634 1617 1695 deducente,
1647 1634 1807 1681 lumen

401 1713 591 1776 recepit.
625 1714 981 1776 Energumenus
994 1714 1008 1736 ²
1030 1727 1145 1758 vero
1179 1710 1419 1758 obtestans
1438 1711 1657 1758 virtutem
1682 1710 1810 1759 beati

399 1789 595 1836 Joannis
641 1790 921 1852 Martinique
960 1788 1176 1836 antistitis
1198 1825 1210 1849 ,
1251 1790 1445 1854 expulso
1480 1798 1705 1853 purgatus
1740 1799 1809 1836 est

399 1864 631 1913 daemone.
658 1870 712 1913 In
738 1866 834 1914 hoc
853 1868 1061 1914 oratorio
1091 1884 1187 1915 una
1211 1867 1475 1932 puellarum
1495 1866 1573 1914 0111
1597 1865 1804 1913 officium

398 1952 497 1989 erat
513 1943 674 2007 lychni
698 1943 909 1991 fomenta
929 1960 1239 2008 componere,
1262 1943 1517 1990 adveniens
1536 1960 1647 1990 cum
1668 1959 1805 1995 cereo

398 2029 451 2065 ut
484 2019 586 2067 haec
626 2030 781 2083 ageret
796 2058 808 2082 ,
854 2031 923 2067 est
962 2021 1168 2083 ingressa
1194 2039 1205 2068 :
1232 2020 1592 2084 compositoque
1629 2019 1805 2083 lychno

397 2106 538 2160 atque
554 2113 772 2159 accenso,
793 2107 990 2145 attracto
1006 2097 1066 2145 ad
1080 2114 1128 2145 se
1143 2097 1271 2159 fune,
1288 2096 1559 2144 sublimavit
1567 2097 1618 2144 in
1636 2097 1801 2160 altum,

398 2173 638 2238 plexisque
663 2174 891 2221 innexum
913 2173 1093 2238 laqueis
1116 2174 1178 2221 ad
1205 2175 1393 2239 parietis
1415 2173 1619 2234 clavum,
1634 2183 1682 2220 et
1697 2174 1802 2221 abs-

397 2362 553 2402 scopum
573 2351 822 2400 AEduensem‚
843 2361 881 2390 et
898 2353 1071 2403 sequenti
1089 2353 1137 2390 ad
1153 2352 1430 2390 Theodoricum
1442 2360 1479 2390 et
1497 2350 1799 2390 Theodebertum

395 2426 516 2464 reges.
551 2415 624 2453 Sed
651 2415 745 2453 nihil
770 2414 952 2462 obtinuit,
987 2424 1024 2453 et
1059 2415 1197 2453 exinde
1229 2414 1528 2453 Mauriennensis
1563 2414 1801 2466 episcopatus

394 2478 671 2526 perseveravit,
704 2477 894 2528 hodieque
932 2476 1119 2525 subsistit,
1153 2477 1220 2515 sed
1244 2477 1315 2515 sub
1342 2476 1546 2515 Viennensi
1582 2476 1796 2528 metropoli.

393 2538 495 2576 Urbs
519 2553 611 2577 vero
634 2540 731 2591 ipsa,
758 2539 808 2578 ob
834 2540 1102 2578 miraculorum
1122 2540 1242 2578 5311011
1258 2540 1415 2579 Joannis
1435 2540 1679 2591 reliquiarum
1703 2539 1800 2577 cele-

393 2598 584 2652 britatem,
609 2603 740 2655 vulgo,
767 2603 863 2641 sicut
892 2611 930 2641 et
957 2603 1040 2655 ipsa
1071 2603 1201 2651 vallis,
1231 2603 1368 2642 dicitur
1390 2605 1550 2644 Sanctus
1567 2606 1734 2642 Joannes
1750 2601 1799 2640 de

393 2664 628 2703 Maurienna.
653 2664 732 2716 (R.)

445 2728 497 2774 (1)
517 2729 600 2764 Hoc
617 2736 732 2779 caput
748 2740 835 2765 cum
854 2727 1026 2778 sequenti
1045 2727 1149 2765 deest
1164 2729 1204 2765 in
1222 2728 1307 2766 cod.
1328 2729 1427 2767 Clar.
1448 2741 1485 2766 a.
1502 2731 1549 2767 In
1566 2728 1686 2766 altero
1704 2739 1796 2764 vero

391 2787 482 2825 cod.
503 2788 602 2826 Clar.
622 2788 728 2826 deest
745 2801 833 2826 cum
851 2801 919 2826 sex
937 2787 1196 2839 sequentibus,
1216 2789 1256 2827 id
1274 2798 1331 2827 est
1348 2790 1397 2828 ad
1416 2803 1483 2827 xx1
1499 2788 1697 2827 inclusive.
1717 2789 1796 2836 (R.)

446 2854 499 2901 (2)
517 2854 637 2900 2204,
658 2854 780 2892 forma
798 2854 837 2892 in
856 2863 975 2892 veter.
998 2866 1087 2892 11155.
1111 2855 1284 2906 Gregorii
1299 2863 1497 2907 perpetua,
1522 2854 1792 2904 lnerguminus.
