2002 3418
379 354 427 390 92
749 356 815 391 DE
842 354 1029 392 GLORIA
1057 354 1354 392 MARTYRUM.

889 493 1044 529 CAPUT
1074 494 1234 528 XXXIV
1244 493 1269 526 ¹.

795 594 847 628 De
864 593 1043 641 Stephano
1062 601 1322 641 protomartyre
1335 593 1363 628 ².

435 693 703 758 Stephanus
750 703 909 742 autem
960 695 1140 759 primus
1174 695 1250 741 vel
1297 693 1527 741 diaconus
1572 694 1788 743 Ecclesiae

370 782 542 819 sanctae
584 773 654 819 vel
696 784 874 837 martyr
884 774 914 835 ³,
949 773 1078 838 apud
1109 773 1473 836 Jerosolymam,
1507 772 1628 819 sicut
1658 789 1790 821 sacra

370 855 702 919 Apostolorum
749 866 908 903 narrat
948 855 1145 902 historia
1169 856 1199 918 ⁴,
1257 872 1346 921 pro
1389 855 1583 902 nomine
1624 865 1787 903 sancto

371 932 559 993 Christi,
577 948 720 996 quem
734 949 762 980 a
777 934 950 980 dextris
969 934 1160 980 Virtutis
1176 934 1367 999 spiritali
1388 933 1789 999 contemplatione

371 1006 617 1067 cernebat,
652 1007 890 1072 lapidibus
922 1017 992 1054 est
1025 1007 1251 1070 obrutus,
1287 1024 1376 1072 pro
1406 1006 1788 1073 persecutoribus

371 1083 523 1148 ipsam
542 1084 813 1149 supplicans
830 1083 1135 1148 Majestatem.

437 1162 655 1225 Denique
671 1171 772 1208 erat
788 1162 1048 1208 oratorium
1065 1160 1191 1225 apud
1212 1160 1382 1207 urbem
1397 1162 1682 1210 Turonicam
1695 1200 1708 1225 ,
1727 1163 1789 1211 ah

374 1239 579 1302 antiquis
602 1239 702 1302 ejus
720 1238 906 1284 nomini
933 1237 1205 1285 dedicatum
1219 1276 1232 1299 ,
1264 1237 1397 1302 quod
1421 1255 1510 1285 nos
1535 1255 1791 1305 parumper

370 1318 594 1382 jussimus
613 1318 905 1382 prolongari.
937 1316 1082 1375 Quod
1108 1333 1220 1363 cum
1242 1316 1417 1364 Factum
1436 1316 1617 1378 fuisset,
1646 1317 1791 1365 altare

375 1406 428 1442 ut
464 1406 565 1444 erat
600 1396 838 1459 integrum
874 1396 923 1441 in
960 1405 1069 1442 ante
1100 1394 1446 1459 promovimus.
1486 1394 1793 1457 Requirentes

375 1489 488 1520 vero
512 1473 561 1519 in
583 1473 761 1535 loculo,
790 1473 907 1519 nihil
932 1472 991 1519 de
1013 1472 1293 1537 pignoribus
1315 1473 1487 1520 sanctis
1510 1471 1642 1536 quod
1667 1472 1793 1521 sama

377 1549 556 1597 ferebat
582 1550 859 1616 reperimus.
888 1552 1019 1596 Tunc
1047 1549 1153 1596 misi
1182 1565 1334 1596 unum
1366 1565 1423 1596 ex
1455 1547 1710 1597 abbatibus
1741 1561 1794 1598 ut

376 1627 438 1675 ab
462 1629 672 1676 oratorio
705 1628 876 1675 domus
913 1628 1233 1675 ecclesiasticae
1267 1627 1406 1675 nobis
1439 1628 1540 1692 ejus
1573 1628 1792 1692 reliquias

377 1707 620 1755 exhiberet
632 1745 644 1769 ,
670 1707 845 1754 oblitus
861 1723 967 1754 sum
985 1715 1144 1753 tamen
1161 1706 1342 1753 clavem
1357 1721 1508 1771 capsae
1530 1705 1789 1770 porrigere,

378 1801 482 1849 quae
504 1785 695 1848 cingulo
721 1783 1040 1850 dependebat.
1063 1783 1267 1831 Veniens
1295 1799 1406 1830 vero
1431 1781 1603 1844 abbaS,
1631 1782 1791 1830 ablato

377 1863 439 1912 ab
463 1864 668 1912 armario
694 1865 845 1928 sigillo
859 1900 872 1925 ‚
910 1879 1101 1929 capsam
1132 1862 1307 1928 reperit
1338 1860 1623 1909 obseratam.
1665 1861 1793 1920 Quid

378 1941 580 1988 faceret?
606 1941 723 2005 quid
745 1940 934 2005 ageret?
967 1941 1017 1986 in
1047 1939 1273 2003 ambiguo
1299 1937 1618 2004 dependebat.
1653 1939 1703 1985 Si
1730 1938 1793 1986 ad

378 2036 454 2066 me
486 2019 685 2081 rediret,
718 2019 917 2085 longum
948 2026 1048 2064 erat
1077 2017 1237 2064 venire
1270 2026 1317 2062 et
1342 2015 1537 2075 reverti3
1575 2015 1614 2062 si
1641 2015 1793 2080 ipsam

430 2226 486 2275 (1)
513 2227 598 2263 Hoc
616 2225 657 2263 in
675 2224 800 2277 capite
811 2223 1018 2277 Gregorius
1035 2231 1223 2262 memorat
1241 2222 1438 2262 ecclesiam
1457 2221 1577 2261 sancti
1595 2221 1791 2275 Stephani,

379 2301 494 2340 quam
519 2288 622 2340 apud
652 2287 870 2326 Turonicam
898 2287 1023 2325 urbem
1050 2285 1235 2325 exstitisse
1265 2285 1379 2333 dicit-3
1409 2284 1514 2323 addit
1532 2293 1659 2323 tamen
1677 2285 1794 2337 paulo

377 2359 465 2403 post
483 2364 523 2389 se
535 2360 621 2402 post
638 2353 771 2389 multos
784 2353 865 2388 dies
881 2352 937 2387 ad
946 2349 1071 2388 arbem
1091 2362 1314 2401 regressum,
1333 2356 1407 2386 etc.
1425 2363 1436 2396 ;
1458 2361 1543 2399 quae
1562 2346 1699 2396 verba,
1719 2347 1795 2386 nisi

379 2413 427 2451 de
444 2413 518 2452 alio
536 2414 717 2466 quopiam
733 2413 870 2452 itinere
885 2411 1130 2464 intelligenda
1147 2411 1237 2458 sint,
1256 2409 1427 2448 indicant
1444 2409 1652 2448 oratorium
1663 2407 1794 2462 ‘ipsum

380 2484 489 2514 extra
505 2475 641 2515 urbem
658 2477 700 2515 in
717 2476 804 2515 vico
821 2475 949 2527 aliquo
967 2474 1081 2512 situm
1099 2473 1227 2512 fuisse.
1250 2473 1437 2511 Caeterum
1455 2479 1582 2510 exstat
1603 2470 1795 2523 hodieque

379 2537 483 2590 apud
499 2540 673 2577 Turonos
690 2537 794 2577 haud
812 2537 947 2590 procul
965 2549 988 2575 a
1006 2534 1189 2588 primario
1212 2532 1318 2572 urbis
1338 2533 1481 2586 templo
1498 2532 1658 2572 ecclesia
1675 2532 1796 2571 sancti

380 2598 577 2652 Stephani,
608 2599 816 2652 parochiali
845 2599 954 2638 titulo
986 2597 1170 2650 gaudens,
1204 2610 1289 2648 quae
1318 2595 1425 2636 urbis
1448 2604 1569 2648 portae
1598 2603 1637 2634 et
1666 2594 1794 2633 vicino

387 2661 570 2701 suburbio
589 2675 730 2701 nomen
752 2660 897 2701 tribuit.
919 2663 1000 2711 (R.)

438 2725 495 2775 (2)
522 2727 581 2763 De
598 2727 770 2775 reliquiis
787 2728 910 2761 sancti
927 2723 1107 2774 Stephani
1125 2722 1320 2772 martyris,
1342 2722 1461 2760 2205.

435 2789 488 2836 (3)
512 2790 587 2826 An.
612 2789 683 2833 33,
704 2789 754 2825 25
774 2790 867 2826 nec.

434 2855 490 2903 (4)
517 2855 688 2899 Act.v1‚
713 2855 749 2890 7.
