2002 3418
340 313 390 349 72
738 313 806 350 DE
833 312 1021 351 GLORIA
1046 312 1344 352 MARTYRUM.

338 416 512 465 scopus
547 399 823 463 ordinatus,
865 403 1025 449 Romae
1064 399 1342 448 cathedram
1379 401 1569 448 locavit.
1613 402 1757 466 Cujus

340 477 554 529 oratione
577 487 625 526 et
647 478 806 540 Pauli,
833 478 1039 526 Simonis
1068 478 1192 542 Magi
1222 478 1450 525 calliditas
1479 478 1554 525 vel
1575 478 1759 528 detecta

337 565 430 618 est,
456 557 531 604 vel
554 556 744 604 obruta.
773 549 967 604 Exstant
987 557 1227 620 hodieque
1247 556 1376 622 apud
1396 555 1564 602 urbem
1588 558 1758 605 Roma-

336 649 450 681 nam
468 633 574 681 duae
590 635 640 681 in
658 634 816 700 lapide
838 634 1021 682 sossulae
1034 672 1046 696 ,
1072 651 1213 700 super
1229 651 1373 698 quem
1387 633 1516 680 beati
1530 634 1733 699 apostoli
1743 671 1755 693 ,

335 712 519 760 deflexo
557 713 766 778 poplite,
805 714 1072 761 orationem
1113 723 1282 760 contra
1321 713 1479 778 ipsum
1516 712 1760 759 Simonem

335 792 527 854 Magum
552 790 614 839 ad
642 791 905 838 Dominum
933 790 1220 838 effuderunt.
1258 793 1311 836 In
1346 789 1520 854 quibus
1552 806 1664 836 cum
1701 789 1762 837 de

334 868 506 933 pluviis
536 869 744 934 lymphae
773 870 981 917 collectae
1004 869 1202 931 fuerint,
1228 886 1257 917 a
1281 868 1514 916 morbidis
1533 878 1762 933 expetun-

335 953 430 1007 tur,
454 946 729 1010 haustaeque
748 963 862 993 mox
884 948 1134 994 sanitatem
1165 946 1398 994 tribuunt.
1427 948 1626 993 Sanctus
1646 962 1760 992 vero

336 1024 501 1070 Petrus
535 1024 804 1088 apostolus,
840 1033 892 1070 ut
921 1024 1101 1088 praefati
1126 1041 1313 1085 sumus,
1340 1041 1452 1071 curn
1478 1033 1587 1088 post
1615 1025 1760 1069 Nero-

335 1100 481 1147 niana
502 1117 558 1148 ac
581 1101 852 1147 Simoniaca
875 1099 1000 1148 bella
1021 1100 1080 1148 ad
1103 1117 1295 1148 crucem
1311 1101 1537 1162 venisset,
1563 1100 1760 1165 impleto

329 1176 431 1239 jam
461 1177 609 1224 felicis
635 1178 801 1241 ‘tropaei
830 1178 1088 1225 certamine
1103 1215 1116 1239 ,
1138 1179 1371 1242 resupinis
1393 1178 1456 1226 ad
1481 1178 1655 1227 coelum
1678 1195 1760 1225 ve-

336 1253 482 1316 stigiis
505 1270 553 1301 se
580 1255 774 1319 expetiit
801 1254 1038 1318 crucifigi,
1073 1255 1325 1318 indignum
1346 1271 1409 1302 se·
1424 1254 1689 1302 vociferans
1709 1264 1764 1301 ut

336 1333 602 1379 Dominum
623 1332 840 1380 exaltari¹
863 1351 874 1379 z
895 1333 1057 1397 sicque
1087 1332 1294 1396 dirigens
1313 1332 1532 1397 spiritum
1548 1331 1763 1378 vivacem

335 1409 386 1456 in
423 1419 576 1471 astra,
615 1410 826 1474 sepultus
863 1420 933 1457 est
963 1411 1013 1456 in
1047 1410 1228 1474 templo
1245 1446 1258 1471 ,
1295 1409 1430 1472 quod
1462 1407 1763 1456 vocitabatur

338 1486 598 1550 antiquitus
632 1487 935 1548 Vaticanum,
973 1498 1179 1551 quatuor
1211 1486 1404 1534 ordines
1428 1487 1763 1534 columnarum

336 1563 476 1612 valde
512 1564 866 1612 admirabilium
910 1580 1111 1612 numero
1146 1564 1408 1626 nonaginta
1443 1580 1522 1611 sex
1557 1563 1757 1610 habens.

339 1640 493 1689 Habet
508 1643 651 1689 etiam
669 1652 876 1705 quatuor
894 1642 944 1688 in
962 1643 1113 1703 altari,
1133 1658 1238 1705 quae
1257 1651 1368 1688 sunt
1386 1641 1527 1688 simul
1547 1649 1758 1700 centum,

338 1728 507 1783 praeter
539 1719 640 1766 illas
673 1735 777 1783 quae
815 1718 1077 1766 ciborium’
1100 1719 1303 1784 sepulcri
1337 1727 1616 1765 sustentant.
1658 1719 1763 1763 Hoc

339 1796 468 1843 enim
498 1796 769 1861 sepulcrum
796 1797 886 1844 sub
919 1798 1055 1846 altari
1082 1798 1368 1845 collocatum
1402 1795 1540 1843 valde
1573 1810 1735 1841 rarum
1749 1796 1764 1819 ⁸

391 1999 445 2046 (1)
462 1997 647 2036 Eamdem
665 1996 854 2037 rationem
873 1999 1039 2037 afferunt
1057 1997 1282 2037 Ambrosius
1307 1997 1347 2036 in
1364 1997 1502 2050 psalm.
1526 2009 1664 2044 cxvm,
1683 1997 1763 2035 Au-

335 2059 524 2112 gustinus,
538 2060 806 2110 Theodon'tus,
826 2070 900 2100 etc.
923 2061 998 2099 Alii
1011 2061 1104 2099 alias
1118 2060 1317 2108 adjiciunt,
1335 2073 1430 2111 quas
1443 2059 1563 2098 fusius
1581 2058 1763 2111 prosequi

335 2134 415 2160 non
434 2131 560 2161 vacat.
579 2125 659 2172 (R.)

389 2183 443 2237 (⁴2)
462 2184 657 2224 Ciborium
683 2195 740 2225 est
763 2185 924 2225 aedicula
942 2185 1100 2234 turrita,
1119 2184 1168 2224 ad
1187 2185 1345 2224 modum
1363 2183 1593 2232 umbraculi,
1615 2183 1763 2235 aliquot

335 2247 552 2285 columnis
542 2248 689 2296 mnixa,
704 2249 754 2287 ad
768 2249 975 2302 tegendum
995 2249 1114 2287 altare
1128 2261 1196 2286 seu
1215 2246 1376 2301 alicujus
1391 2246 1511 2285 sancti
1523 2246 1757 2298 sepulcrum.

334 2309 429 2347 Vide
440 2310 587 2362 Liturg.
610 2311 745 2350 Gallie.
769 2310 967 2350 Mabillon.
990 2310 1058 2350 lib.
1079 2313 1114 2358 1,
1134 2323 1220 2362 cap.
1242 2323 1332 2358 vm,
1353 2323 1395 2348 n.
1419 2311 1457 2347 8.
1474 2311 1536 2357 (R.
1542 2307 1704 2357 )-Vide
1722 2315 1761 2346 et

334 2372 466 2423 Cangii
484 2373 609 2412 Gloss.
632 2380 674 2411 v⁰
692 2377 839 2412 Domus
860 2374 1002 2412 altaris.

386 2434 440 2486 (3)
459 2436 592 2484 Vind,
619 2439 728 2474 valde
750 2445 890 2475 ratam.
919 2436 1110 2487 Antiquus
1134 2443 1191 2473 est
1220 2440 1304 2472 mos
1327 2433 1368 2472 in
1388 2433 1564 2472 Ecclesia
1582 2423 1760 2485 receptus

332 2506 551 2537 sanctorum
582 2499 762 2551 reliquias
789 2499 830 2537 in
861 2498 1005 2550 cryptis
1041 2496 1297 2536 subterraneis
1331 2495 1465 2534 subtus
1491 2496 1611 2534 altare
1638 2495 1760 2533 collo-

330 2559 463 2608 candi,
490 2560 559 2599 ubi
582 2570 802 2600 sanctorum
836 2560 1090 2600 celebriorum
1115 2560 1290 2612 sepulcra
1318 2559 1359 2597 in
1390 2558 1556 2611 antiquis
1591 2557 1758 2596 basilicis

330 2622 445 2660 etiam
468 2635 573 2662 nunc
596 2624 788 2664 visuntur.
813 2624 913 2662 Hinc
937 2622 1175 2662 consuetudo
1192 2622 1379 2661 -manavit
1414 2622 1549 2660 altaria
1588 2619 1773 2674 erigendi

330 2697 446 2737 super
471 2687 637 2725 tumulos
660 2687 833 2726 virorum
857 2686 1032 2739 piorum,
1060 2698 1157 2738 quos
1177 2685 1348 2738 episcopi
1366 2698 1438 2737 pro
1462 2684 1602 2723 sanctis
1622 2681 1757 2721 haberi

327 2746 526 2796 volebant,
556 2748 696 2801 hicque
724 2758 807 2789 erat
830 2749 922 2788 olim
950 2758 1102 2788 sanctos
1133 2747 1384 2787 canonizandi
1422 2747 1532 2787 ritus.
1562 2744 1757 2797 Reliquias

327 2818 546 2849 sanctorum
568 2811 609 2850 in
635 2811 857 2864 baptisterio
887 2825 911 2851 a
943 2826 983 2851 se
1015 2811 1206 2864 depositas
1235 2819 1422 2850 memorat
1444 2810 1527 2861 ipse
1543 2806 1755 2859 Gregorius
