2002 3418
433 358 509 395 320
733 361 800 397 DE
829 361 1097 400 MIRACULIS
1131 363 1298 400 SANCI'I
1325 363 1535 402 JULIANI.

431 446 564 509 quasi
587 447 845 496 accelerare
875 449 1134 514 deprecans
1162 450 1264 497 iter.
1299 453 1425 498 Dum
1448 451 1549 499 haec
1570 462 1834 516 agerentur,

430 523 685 572 adveniens
706 543 823 591 puer
838 528 1155 592 captivitatem
1171 529 1437 590 annuntiat,
1463 539 1510 576 et
1531 530 1597 577 sic
1614 530 1698 577 iste
1713 531 1839 578 viam

429 601 719 650 acceleravit.
758 603 851 651 Sed
882 614 928 651 et
959 605 1062 669 ipso
1092 615 1332 669 pugnante
1347 641 1359 663 ‚
1396 606 1621 655 columba
1654 624 1838 672 semper

429 678 554 726 circa
576 695 686 726 eum
707 681 806 728 visa
832 691 900 729 est
922 682 1186 730 decurrere.
1221 682 1363 740 Quod
1400 699 1460 730 ne
1493 685 1598 747 quis
1631 684 1839 732 invideat

428 756 686 805 confictum
702 758 761 805 de
779 759 1003 806 columba
1021 769 1068 807 et
1084 760 1270 807 homini
1291 760 1548 824 praestitum
1561 761 1834 823 christiane,

428 851 539 881 cum
572 836 790 882 Orosius¹
823 837 1068 884 consulem
1105 839 1396 898 Romanum,
1442 838 1490 884 id
1524 848 1595 886 est
1626 841 1838 887 Marcum

428 912 690 974 Valerium,
717 929 743 960 a
765 929 910 960 corvo
932 914 1040 961 alite
1062 914 1236 963 scribat
1257 914 1489 979 adjutum.

986 1070 1142 1107 CAPUT
1170 1073 1276 1107 VIII.

544 1163 596 1197 De
611 1162 753 1198 interitu
767 1174 891 1198 eorum
906 1162 968 1209 qui
990 1162 1222 1198 ministerium
1238 1164 1388 1200 basilicae
1407 1173 1674 1213 exportaverunt
1688 1166 1717 1201 ².

491 1266 737 1313 Prostratis
757 1282 869 1329 ergo
890 1265 952 1313 ab
971 1266 1163 1313 Hillidio
1185 1266 1426 1328 hostibus,
1454 1277 1659 1331 quatuor
1686 1284 1743 1314 ex
1764 1268 1837 1315 his

424 1359 510 1407 per
531 1343 690 1405 fugam
710 1343 829 1407 lapsi
849 1352 1072 1407 patenam
1093 1353 1141 1390 et
1161 1360 1374 1405 urceum,
1399 1344 1482 1407 qui
1500 1359 1622 1392 anax
1645 1343 1832 1404 dicitur,

425 1421 472 1467 in
511 1421 712 1486 patriam
747 1420 966 1467 deferunt
982 1458 994 1482 ,
1030 1430 1077 1467 et
1113 1421 1311 1468 divisam
1344 1421 1394 1468 in
1432 1421 1572 1468 tantis
1616 1431 1669 1468 ut
1702 1432 1837 1469 erant

423 1498 637 1563 partibus
646 1507 886 1563 patenam,
901 1515 1097 1545 urceum
1112 1499 1210 1561 regi
1228 1498 1534 1546 Gundobado
1555 1497 1619 1545 ob
1640 1499 1835 1562 gratiam

423 1575 650 1623 exhibent
693 1575 1086 1639 conquirendam.
1140 1575 1389 1638 Reliquum
1435 1592 1550 1623 vero
1588 1585 1834 1639 argentum

423 1654 595 1715 reginae
615 1653 839 1715 sagacitas
856 1653 1050 1716 reperit,
1076 1652 1153 1698 cui
1172 1652 1343 1699 additis
1361 1653 1519 1699 multis
1537 1652 1829 1713 muneribus,

422 1731 530 1777 loco
552 1730 618 1776 illi
642 1739 806 1777 sancto
834 1730 1030 1775 restituit
1043 1766 1056 1789 ,
1091 1728 1291 1775 fideliter
1323 1729 1568 1776 insinuans
1600 1729 1698 1793 regi
1733 1746 1833 1776 non

422 1817 642 1872 oportere
658 1823 769 1855 eum
783 1817 837 1853 ut
850 1807 1045 1870 gratiam
1062 1807 1276 1870 martyris
1288 1806 1435 1854 sancti
1445 1816 1639 1871 propter
1653 1808 1835 1872 argenti

421 1885 699 1951 parvitatem
719 1885 967 1931 amitteret.

1001 2021 1158 2058 CAPUT
1180 2021 1249 2057 IX.

895 2117 948 2151 De
965 2115 993 2151 F
993 2115 1130 2152 edamia
1144 2115 1348 2166 paralytica.

485 2215 578 2259 Pro
610 2211 783 2276 quibus
813 2227 868 2259 ac
897 2211 1070 2259 talibus
1101 2212 1324 2260 virtutum
1352 2212 1640 2260 ornamentis
1660 2229 1831 2278 magna

420 2288 485 2336 ibi
506 2289 699 2337 basilica
727 2288 954 2337 fabricata
975 2305 1003 2336 a
1022 2288 1240 2337 fidelihus
1269 2289 1542 2351 virtutibus,
1576 2300 1628 2336 ut
1652 2290 1829 2355 praefati

418 2385 603 2430 sumus,
629 2368 844 2432 martyris
858 2366 983 2414 beati
1001 2363 1217 2431 refulget,
1249 2367 1299 2413 in
1322 2383 1416 2431 qua
1436 2367 1824 2432 paralyticorum,

418 2445 695 2493 claudorum
711 2484 723 2508 ,
756 2461 989 2492 caecorum
1018 2453 1064 2491 et
1093 2444 1295 2491 aliorum
1326 2460 1519 2508 quoque
1548 2444 1827 2492 morborum

417 2523 582 2586 saepius
602 2524 746 2588 petita
768 2521 977 2569 remedia
992 2521 1353 2584 conquiruntur.
1374 2520 1595 2569 Fedamia
1611 2521 1828 2585 quaedam

418 2601 601 2663 mulier,
627 2601 852 2667 paralysis
868 2600 1072 2647 humore
1093 2599 1370 2662 constricta,
1405 2600 1482 2646 cui
1510 2599 1694 2648 nullum
1720 2598 1826 2648 cor-

466 2797 522 2843 (1)
538 2795 623 2834 Lib.
646 2799 726 2845 111,
746 2809 831 2848 cap.
857 2810 911 2834 vx.

466 2859 519 2907 (2)-
540 2859 801 2906 portaverant,
823 2860 948 2906 2204,
971 2861 1088 2899 2205,
