2002 3418
357 348 436 386 256
766 349 832 387 DE
859 348 1045 389 GLORIA
1069 350 1365 388 MARTYRUM.

357 437 656 485 afficerentur
678 437 744 483 ob
772 436 920 484 divini
945 437 1153 484 nominis
1174 437 1546 500 confessionem,
1578 449 1773 504 excepta

356 516 532 563 ultimae
558 514 878 562 damnationis
907 516 1159 572 sententia,
1197 514 1500 563 deducuntur
1526 515 1589 563 ad
1617 516 1776 565 decol-

357 592 572 641 landum.
595 595 811 656 Cumque
832 608 999 640 eorum
1025 594 1180 658 capita
1198 594 1339 640 lictor
1359 593 1610 654 incideret,
1637 599 1775 642 mira·

358 671 520 718 culum
543 671 734 736 populis
751 686 979 734 magnum
995 671 1230 735 apparuit.
1276 674 1396 718 Nam
1411 670 1554 717 unius
1571 670 1776 718 annulus

358 749 663 812 orariumque
689 748 880 795 alterius
914 748 1043 794 nube
1075 758 1347 812 susceptum
1377 757 1447 795 est
1478 757 1526 794 et
1551 747 1602 795 in
1631 749 1776 796 coelos

357 835 590 873 evectum.
611 825 846 872 Viderunt
865 824 967 872 haec
989 841 1157 873 omnes
1178 826 1260 889 qui
1282 825 1498 884 aderant,
1519 834 1584 885 et,
1602 841 1776 888 usque-

359 919 456 967 quo
484 903 607 950 acies
639 902 890 949 oculorum
921 901 1167 949 intendere
1193 904 1372 967 potuit,
1409 902 1643 964 fulgorem
1673 901 1775 948 auri

359 979 712 1042 candoremque
759 979 891 1025 lintei
933 988 1154 1043 suspectu
1192 979 1513 1042 sequebantur
1552 978 1771 1025 attonito.

359 1057 539 1104 Praebet
565 1057 709 1121 hujus
745 1057 814 1103 rei
845 1056 1171 1102 testimonium
1204 1057 1416 1104 Aurelius
1449 1056 1684 1114 Clemens,
1726 1056 1775 1101 in

359 1135 482 1182 libro
505 1137 823 1194 Coronarum,
850 1132 925 1180 his
949 1132 1189 1194 versibus,
1217 1133 1382 1181 dicens
1402 1152 1414 1181 z

626 1229 703 1272 Illa
722 1228 815 1272 laus
836 1228 1002 1272 occulta
1023 1244 1114 1272 non
1134 1239 1219 1283 est,

624 1299 715 1342 Nec
737 1299 916 1342 senescit
936 1297 1144 1357 tempore.

686 1377 815 1421 Missa
836 1377 954 1438 quod
976 1393 1141 1421 sursum
1163 1394 1240 1438 per
1261 1394 1386 1422 auras

627 1446 862 1489 Evolarunt
881 1461 1056 1490 munera
1071 1478 1084 1500 ,

627 1516 736 1570 Quae
755 1516 868 1557 viam
890 1526 1036 1574 patere
1055 1514 1149 1558 coeli

627 1584 922 1627 Praemicando
944 1582 1231 1626 ostenderent.

687 1661 804 1704 Illius
824 1661 955 1704 fidem
974 1661 1159 1720 figurans

628 1729 755 1772 Nube
776 1729 908 1772 fertur
930 1727 1135 1783 annulus,

629 1798 793 1841 Hic'sui
815 1797 890 1840 dat
904 1798 1057 1857 pignus
1077 1797 1160 1840 oris

629 1868 688 1911 Ut
708 1868 848 1911 ferunt
869 1867 1073 1909 orarium.

689 1945 796 1999 Quae
818 1959 1002 2003 superno
1022 1953 1142 2003 rapta
1164 1941 1265 1985 flatu

631 2018 753 2060 Lucis
774 2018 936 2059 intrant
957 2017 1177 2069 intimum,

631 2086 712 2128 Per
733 2084 823 2144 poli
844 2085 1043 2143 liquentis
1065 2099 1188 2126 axem

633 2153 666 2197 F
669 2153 792 2212 ulgor
814 2153 907 2195 auri
929 2152 1220 2195 absconditur.

693 2231 757 2272 Ac
778 2229 853 2272 diu
874 2229 1012 2272 visum
1034 2243 1258 2287 sequacem

634 2298 805 2344 'textilis
825 2297 989 2341 candor
1009 2297 1138 2357 fugit,

634 2367 934 2411 Subvehuntur
954 2381 1087 2424 usque
1102 2366 1148 2407 in
1169 2374 1279 2407 astra

633 2437 724 2480 Nec
743 2435 942 2479 videntur
963 2435 1159 2494 amplius.

875 2587 1111 2625 CHAPITRE
1138 2587 1268 2623 XCIV.

834 2674 886 2707 De
904 2671 1105 2707 beatissimo
1127 2671 1320 2719 Cypriane.

437 2765 716 2831 Cyprianus,
749 2763 1046 2812 beatissimus
1067 2762 1446 2826 Carthaginensis
1465 2770 1512 2809 et
1531 2760 1723 2808 antistes
1739 2767 1786 2806 et

373 2855 566 2909 martyr,
581 2845 779 2892 salutem
794 2844 961 2908 saepius
979 2842 1179 2890 infirmis
1188 2839 1562 2907 supplicantibus
1580 2847 1783 2905 praestat.
