2002 3418
339 380 414 417 308
639 379 703 414 DE
730 377 999 415 MIRACULIS
1027 377 1198 415 SANCTI
1225 377 1434 414 JULIANI.

283 460 290 475 '
335 466 520 527 bunal',
547 465 882 530 conspicioque
906 465 955 512 in
982 481 1040 512 eo
1065 463 1319 513 versiculos
1336 465 1431 512 hoc
1452 463 1600 511 modo
1630 480 1745 511 con-

335 544 559 609 scriptos:

512 638 676 680 Heroas
696 637 848 680 Christi
868 638 1059 697 geminos
1082 639 1175 680 haec
1195 637 1385 689 continet
1405 636 1502 680 aula
1528 652 1539 680 ι

572 712 786 754 sulianum
806 713 965 771 capite,
992 728 1169 771 corpore
1192 711 1456 755 Ferreolum.

336 802 549 863 Cumque
566 799 667 846 haec
691 798 850 862 legens
867 836 879 859 ‚
901 799 1127 846 aedituum
1164 800 1461 847 consulerem
1483 836 1496 860 ,
1530 813 1617 845 cur
1650 796 1753 844 haec

336 876 509 940 scripta
524 876 589 922 sic
602 875 791 937 fuerint,
805 876 1078 939 respondit:
1105 896 1128 921 «
1149 877 1344 924 Basilica
1365 875 1512 923 sancti
1535 874 1753 938 martyris

334 952 539 999 Ferreoli
560 968 702 1016 super
724 952 881 1016 ipsum
904 951 1125 999 Rhodani
1146 953 1276 1000 littus
1292 952 1353 1000 ab
1379 952 1584 1016 antiquis
1604 950 1757 1004 fuerat

335 1031 594 1089 collocata;
621 1029 827 1092 denique
849 1045 987 1090 cum,
1018 1030 1301 1094 impulsante
1323 1030 1549 1077 violentia
1580 1029 1751 1091 amnis,

334 1108 547 1172 porticus
567 1144 580 1169 ‚
617 1123 721 1171 quae
760 1105 823 1153 ab
859 1121 914 1153 ea
943 1116 1077 1170 parte
1116 1116 1216 1154 erat
1253 1107 1408 1154 locata
1425 1144 1439 1169 ,
1483 1115 1751 1168 corrueret,

334 1184 563 1249 providus
616 1182 836 1230 sacerdos
855 1220 868 1244 ,
926 1185 1180 1230 Mamertus
1228 1184 1423 1231 nomine
1442 1221 1455 1245 ,
1502 1184 1587 1248 qui
1640 1192 1755 1231 tunc

341 1263 659 1310 Viennensem
686 1259 879 1323 regebat
901 1260 1147 1308 ecclesiam
1161 1298 1174 1322 ,
1202 1261 1392 1308 ruinam
1412 1260 1617 1308 suturam
1640 1276 1757 1326 prae·

336 1340 567 1400 veniens,
611 1337 753 1385 aliam
793 1337 1039 1385 basilicam
1076 1338 1277 1402 eleganti
1315 1354 1457 1404 opere
1490 1348 1538 1385 et
1571 1337 1623 1384 in
1655 1337 1757 1402 ipsa

335 1433 561 1466 mensura
598 1417 753 1480 sagaci
801 1417 1064 1464 intentione
1110 1407 1373 1464 construxit
1393 1454 1406 1478 ,
1454 1415 1566 1463 illuc
1607 1415 1757 1463 sancti

335 1496 554 1560 martyris
573 1494 823 1542 transferre
848 1495 1044 1559 cupiens
1067 1511 1257 1560 corpus.
1292 1494 1493 1541 Advenit
1514 1502 1674 1541 autem
1695 1491 1757 1540 ad

335 1572 430 1620 hoc
463 1589 585 1637 opus
619 1571 851 1619 abbatum
888 1581 1030 1635 atque
1058 1571 1407 1618 monachorum
1432 1587 1632 1634 magnus
1665 1586 1757 1616 nu-

336 1668 511 1711 merus,
536 1651 820 1716 vigilataque
845 1659 1003 1710 nocte,
1026 1659 1222 1714 accepto
1243 1650 1447 1710 sarculo,
1474 1647 1637 1695 fodere
1670 1664 1744 1694 coe

336 1738 525 1793 perunt.
580 1730 796 1790 Cumque
838 1728 889 1773 in
923 1726 1218 1791 profundum
1257 1725 1599 1773 descenderent
1620 1762 1633 1787 ‚
1667 1726 1756 1774 tria

336 1799 554 1870 sepulcra
576 1804 833 1869 reperiunt,
858 1819 916 1850 ac
937 1802 1186 1850 confestim
1208 1813 1374 1868 stupor
1409 1812 1590 1849 mentes
1627 1819 1758 1867 spec-

338 1882 543 1929 tantium
576 1880 789 1928 invadit:
816 1897 906 1926 nec
936 1881 1186 1943 quisquam
1229 1889 1330 1926 erat
1362 1889 1518 1926 certus
1538 1879 1758 1942 quisnam

337 1969 458 2006 esset
490 1958 618 2006 beati
645 1957 863 2021 martyris
884 1957 1112 2003 tumulus.
1139 1958 1302 2019 Igitur,
1329 1973 1440 2002 cum
1461 1965 1638 2003 starent
1658 1973 1759 2004 om-

338 2052 423 2082 nes
443 2036 494 2082 in
514 2034 772 2082 hebetitate
795 2034 967 2081 mentis
987 2034 1193 2095 attoniti,
1212 2034 1486 2098 inspirante,
1513 2042 1567 2080 ut
1590 2033 1754 2095 credo,

339 2113 595 2160 Divinitate
612 2150 624 2174 ,
666 2128 791 2158 unus
833 2128 890 2158 ex
931 2110 1345 2158 circumstantibus
1387 2111 1618 2159 exclamat
1637 2149 1650 2173 ,
1690 2111 1759 2159 di-

340 2208 477 2238 cens:
500 2212 520 2234 α
536 2191 804 2254 Antiquitus
819 2188 981 2237 referri
999 2189 1192 2236 solitum
1210 2199 1310 2236 erat
1322 2199 1370 2236 et
1382 2189 1557 2236 celebri
1570 2206 1655 2254 per
1666 2207 1758 2255 po-

344 2288 366 2312 «
390 2269 526 2333 pulos
557 2284 776 2315 sermone
810 2267 1053 2329 vulgatum
1087 2277 1228 2332 caput
1257 2269 1280 2312 J
1287 2267 1430 2314 uliani
1455 2267 1671 2330 martyris
1705 2267 1755 2314 in

344 2365 365 2390 «
385 2346 602 2410 sepulcro
616 2345 806 2392 retineri
819 2344 1036 2408 martyris
1046 2344 1263 2391 Ferreoli.
1276 2344 1324 2390 Si
1337 2343 1578 2408 opertorio
1594 2340 1756 2392 amoto

336 2415 369 2466 ἀ
393 2423 717 2487 unusquisque
750 2420 1091 2482 consideretur,
1116 2430 1270 2485 potest
1296 2437 1401 2484 quae
1427 2421 1520 2467 sint
1542 2421 1758 2471 membra

345 2517 367 2543 «
394 2499 596 2546 Ferreoli
648 2499 866 2562 martyris
919 2498 1136 2562 protinus
1184 2498 1402 2545 inveniri.
1432 2518 1457 2543 n
1511 2501 1620 2546 Haec
1676 2516 1756 2547 au-

344 2576 480 2623 diens
519 2576 741 2624 sacerdos
776 2584 974 2622 cunctos
1001 2574 1137 2638 jubet
1163 2575 1213 2622 in
1250 2576 1464 2623 oratione
1486 2578 1752 2642 prosterni:

343 2670 439 2717 qua
456 2653 664 2717 impleta,
684 2651 898 2718 procedit
921 2651 983 2698 ad
1003 2652 1213 2699 tumulos
1238 2690 1249 2714 ,
1292 2653 1595 2718 detectosque
1613 2654 1752 2716 duos,

397 2791 451 2836 (1)
469 2788 529 2826 Sic
556 2787 722 2839 appellat
750 2786 960 2838 Cyprianus
992 2788 1179 2839 pulpitum
1210 2788 1249 2826 in
1283 2803 1360 2840 quo
1396 2789 1578 2828 diaconus
1607 2790 1756 2842 legebat

345 2851 582 2902 evangelium
602 2851 639 2887 in
659 2850 830 2889 ecclesia.
860 2849 981 2887 Hodie
1001 2850 1158 2897 jubeum
1177 2852 1426 2902 appellamus.
1448 2855 1533 2904 (R.)
