2002 3418
420 347 470 383 84
817 348 882 384 DE
911 347 1095 385 GLORIA
1123 349 1421 388 MARTYRUM.

418 450 546 496 reor,
561 434 712 498 quod,
734 435 900 482 eadem
913 435 990 482 die
1007 452 1102 500 qua
1113 435 1261 484 beatae
1273 436 1480 499 reliquiae
1495 437 1543 483 in
1563 438 1704 486 aliam
1719 450 1829 486 sunt

418 512 649 560 translatae
668 512 928 575 basilicam,
952 524 1159 561 errantes
1178 514 1399 561 homines
1420 530 1449 562 a
1476 515 1569 576 via,
1591 517 1673 580 qui
1700 514 1836 564 beati

415 591 650 638 Vincentii
669 592 886 654 reliquias
905 592 1201 652 deferebant,
1230 593 1291 639 ad
1319 592 1479 638 vicum
1506 593 1662 657 ipsum
1685 595 1826 642 delati

414 678 539 716 sunt.
575 671 723 730 Tunc,
762 679 956 732 rogante
988 668 1280 734 presbytero,
1317 669 1576 716 diviserunt
1605 671 1649 717 ei
1682 672 1825 736 parti-

413 747 570 794 culam
602 747 879 812 pignorum,
915 762 1059 810 quam
1091 747 1140 793 in
1175 757 1339 794 sancto
1374 747 1510 793 altari
1545 747 1674 794 unde
1715 748 1829 796 alias

415 823 670 871 abstulerat
694 823 960 870 collocavit.

475 901 780 947 Mummolus¹
793 910 969 961 autem,
988 917 1115 962 cum,
1129 900 1442 949 Theodeberti
1458 901 1578 963 regis
1589 910 1823 965 tempore,

411 978 474 1024 ad
496 977 811 1024 Justinianum
829 977 1162 1041 imperatorem
1180 994 1396 1042 pergens,
1426 978 1827 1042 Constantinopo-

408 1054 540 1101 litani
571 1054 749 1100 itineris
771 1054 897 1100 viam
926 1053 1083 1100 navali
1113 1064 1280 1101 evectu
1311 1056 1534 1115 sulcaret,
1570 1055 1632 1102 ad
1658 1054 1827 1101 urbem

409 1133 593 1191 Patras,
618 1131 668 1177 in
690 1146 786 1194 qua
805 1130 933 1177 idem
953 1129 1158 1177 habetur
1178 1133 1445 1196 apostolus,
1480 1142 1551 1180 est
1579 1132 1820 1198 appulsus.

405 1211 489 1269 Ac,
517 1207 634 1254 dum
654 1206 722 1254 ib‘i
744 1224 855 1254 cum
879 1206 1153 1255 satellitibus
1171 1219 1453 1270 moraretur,
1481 1209 1720 1257 infirmata
1746 1226 1825 1256 ve-

407 1286 503 1333 sica
540 1286 803 1333 calculosus
844 1284 1060 1331 efficitur.
1110 1285 1296 1332 Dehinc
1339 1286 1537 1333 diversis
1579 1285 1827 1333 doloribus

406 1373 611 1411 arctatus
638 1363 767 1410 febre
785 1363 1080 1409 consumitur
1105 1381 1116 1408 :
1139 1362 1393 1427 ablataque
1412 1364 1723 1411 delectatione
1744 1380 1826 1411 co·

404 1442 627 1489 medendi
651 1451 791 1504 atque
813 1440 1011 1487 bibendi
1027 1478 1039 1502 ,
1065 1440 1325 1488 adventum
1350 1442 1517 1488 mortis
1539 1441 1685 1488 solius
1708 1457 1825 1506 prae-

407 1519 684 1567 stolabatur.
711 1518 873 1581 Igitur,
896 1517 1012 1564 dum
1044 1534 1092 1564 se
1120 1518 1186 1564 ita
1216 1517 1388 1564 fessum
1420 1528 1467 1564 et
1495 1518 1596 1564 sine
1618 1534 1701 1582 spe
1718 1518 1824 1565 vitae

404 1596 638 1657 decernit,
663 1605 996 1642 testamentum
1011 1611 1151 1640 suum
1166 1594 1284 1658 petit
1303 1594 1467 1656 scribi,
1491 1594 1824 1658 munitumque

403 1673 829 1739 subscriptionibus
849 1690 905 1720 ac
925 1672 1099 1735 sigillis,
1128 1672 1304 1735 inquiri
1326 1672 1548 1737 praecepit
1569 1672 1607 1718 si
1629 1671 1822 1719 forsitan

402 1754 570 1818 aliquis
594 1753 876 1818 reperiretur
901 1751 949 1796 in
972 1750 1158 1797 civitate
1181 1749 1263 1813 qui
1285 1750 1462 1814 peritus
1484 1750 1533 1795 in
1556 1758 1656 1796 arte
1674 1748 1824 1795 medi-

401 1831 518 1878 cinae
534 1840 691 1895 posset
708 1830 919 1894 perituro
937 1843 1225 1874 succurrere.
1247 1826 1340 1873 Sed
1355 1842 1464 1873 cum
1478 1826 1575 1873 hoc
1596 1825 1823 1890 episcopo

401 1909 484 1972 qui
501 1918 615 1954 tunc
627 1916 823 1972 praeerat
835 1905 1112 1968 suggeritur,
1129 1905 1194 1951 ait
1215 1921 1224 1949 ε
1246 1922 1267 1948 α
1283 1907 1544 1967 Quousque
1559 1920 1664 1964 vos,
1680 1902 1823 1950 dilec-

403 1986 594 2046 tissimi,
617 2000 749 2031 casso
769 1982 968 2046 fatigatis
984 1981 1148 2028 labore
1162 2017 1175 2041 ,
1203 1990 1251 2027 et
1275 1981 1398 2028 inter
1418 1981 1640 2028 homines
1663 1981 1822 2044 requi·

401 2063 500 2110 ritis
523 2062 811 2110 medicinam
825 2097 838 2121 ,
865 2076 976 2107 cum
998 2057 1232 2105 habeatur
1247 2058 1328 2104 hic
1355 2058 1555 2106 coelestis
1579 2057 1817 2119 medicus,

405 2142 488 2206 qui
509 2157 630 2206 saepe
649 2138 951 2186 infirmorum
969 2135 1258 2183 valetudines
1272 2136 1371 2182 sine
1390 2134 1650 2182 herbarum
1670 2135 1820 2182 admi-

405 2219 586 2280 niculo,
608 2217 792 2265 virtutis
809 2215 1013 2282 propriae
1024 2213 1227 2279 depellat
1238 2213 1437 2260 effectu?
1450 2240 1516 2251 —-
1531 2215 1590 2259 Et
1605 2213 1728 2275 quis,
1747 2213 1819 2259 in-

410 2297 604 2361 quiunt,
632 2305 701 2342 est
720 2293 826 2341 ille?
843 2321 907 2329 ——
924 2291 1155 2351 Andreas,
1188 2291 1275 2350 ait,
1309 2290 1551 2354 apostolus
1578 2289 1765 2336 Christi.
1793 2310 1815 2332 »

404 2375 513 2420 Haec
533 2373 805 2420 nuntiantes
822 2369 1031 2430 infirmo,
1046 2376 1181 2430 rogat
1192 2383 1241 2413 se
1253 2366 1431 2431 portari
1446 2365 1509 2413 ad
1522 2364 1652 2412 beati
1668 2366 1820 2431 sepul-

407 2469 543 2501 crum
554 2454 584 2500 ².
609 2454 842 2515 Cumque,
863 2448 1134 2514 pavimento
1152 2455 1430 2511 prostratus,
1451 2462 1555 2509 quae
1570 2445 1820 2493 necessitas

456 2664 511 2711 (1)
529 2662 821 2705 Mummolenus,
840 2657 961 2695 2204.

458 2727 512 2775 (2)
530 2724 621 2773 Ejus
636 2735 785 2762 sacrum
801 2732 940 2771 corpus
957 2714 1322 2768 Constantinopolim
1337 2713 1559 2754 translatum
1573 2722 1629 2753 est
1641 2726 1704 2752 an.
1722 2714 1814 2761 357,

405 2788 478 2829 sub
492 2786 713 2827 Constantio
730 2785 978 2836 imperatore,
999 2789 1042 2819 ut
1059 2779 1230 2818 scribunt
1249 2788 1396 2818 veteres
1413 2786 1601 2818 auctores.
1612 2775 1707 2815 Vide
1723 2775 1815 2813 Phi-

406 2850 645 2903 lostorgium‚
666 2847 734 2887 lib.
755 2848 813 2885 111
830 2859 938 2885 num.
957 2845 982 2881 2
995 2851 1034 2881 et
1049 2841 1240 2880 Theodor.
1261 2844 1477 2887 Lemurem,
1497 2838 1564 2878 lib.
1584 2841 1635 2878 11.
1654 2840 1735 2887 (R.)
1798 2881 1801 2883 ,
