2002 3418
379 318 454 355 208
779 320 845 357 DE
872 319 1058 358 GLORIA
1086 321 1380 359 MARTYRUM.

377 407 497 455 dum
514 420 873 458 commoveatur
891 428 920 458 a
941 411 1188 458 monachis
1213 431 1235 458 :⁴
1253 428 1350 475 quo
1373 424 1633 476 commoto,
1659 431 1787 463 acce·-

377 484 448 532 dit
471 485 535 534 ad
555 487 825 552 ecclesiam,
848 489 1006 553 aliqua
1028 488 1087 536 de
1109 489 1288 536 visione
1310 506 1454 553 quam
1478 490 1659 540 viderat
1678 509 1788 557 pro-

376 563 558 613 batura.
594 566 717 613 Nihil
742 566 872 615 enim
905 570 1125 634 praeteriit
1149 568 1209 615 de
1237 569 1576 633 pollicitatione
1600 580 1783 631 sancta,

374 642 457 688 sed
488 659 592 707 quae
626 643 812 691 fuerant
841 645 1065 693 divinitus
1090 648 1305 693 nuntiata
1338 663 1451 692 mox
1487 646 1679 712 impleta
1703 663 1787 694 no-

373 730 584 767 scuntur.
612 723 790 768 Verum
813 723 896 770 ubi
924 734 1140 771 cantator
1163 724 1540 788 responsorium,
1570 724 1788 789 antipho-

374 814 485 845 nam
525 808 712 847 caterva
749 803 951 867 suscepit
989 801 1356 860 monachorum,
1394 801 1526 848 audit
1563 803 1756 864 genitrix
1771 840 1784 864 ,

372 878 555 941 parvuli
583 894 752 925 vocem
783 881 1026 942 cognoscit
1043 917 1055 940 ‚
1082 890 1129 926 et
1156 880 1325 942 gratias
1352 880 1447 942 agit
1474 882 1592 926 Deo.
1622 879 1714 926 Sed
1742 889 1789 926 et

371 953 488 1000 illud
507 954 640 1017 quod
659 958 875 1020 martyris
895 973 977 1003 ore
997 958 1283 1022 promissum
1306 956 1573 1004 habebatur
1596 973 1788 1022 prorsus

366 1031 620 1095 impletum
642 1042 727 1093 est,
747 1042 817 1094 ut,
841 1033 1065 1080 omnibus
1085 1033 1253 1081 diebus
1264 1035 1369 1082 vitae
1382 1051 1492 1095 suae,
1509 1051 1620 1081 cum
1639 1051 1789 1082 acces-

371 1108 502 1155 sisset
540 1109 710 1156 mulier
747 1110 809 1157 ad
843 1111 1172 1175 psallentium,
1214 1127 1384 1158 vocem
1421 1111 1605 1159 audiret
1646 1112 1788 1176 hujus

372 1185 590 1234 1nfantuli
618 1188 740 1235 inter
769 1187 950 1251 reliqua
978 1188 1304 1236 modulamina
1327 1205 1516 1236 vocum.

438 1266 559 1311 Cum
597 1275 756 1313 autem
789 1266 1177 1313 Guntchramnus
1207 1283 1285 1313 rex
1327 1267 1391 1314 ita
1423 1283 1472 1313 se
1505 1266 1789 1332 spiritalibus

372 1343 640 1391 actionibus
668 1346 1006 1410 mancipasset,
1032 1354 1084 1391 ut
1105 1344 1276 1391 relictis
1298 1345 1452 1391 saeculi
1478 1345 1667 1410 pompis
1690 1344 1788 1410 the-

371 1436 535 1468 sauros
554 1439 665 1469 suos
685 1423 892 1470 ecclesiis
909 1433 956 1469 et
974 1422 1262 1488 pauperibus
1281 1431 1510 1486 erogaret,
1529 1422 1700 1470 accidit
1715 1432 1783 1483 ut,

370 1495 514 1541 misso
536 1496 830 1560 presbytero,
860 1514 1060 1544 munera
1089 1496 1308 1544 fratribus
1330 1498 1410 1561 qui
1439 1497 1612 1544 sanctis
1642 1499 1788 1560 Agau-

370 1571 595 1619 nensibus
624 1573 897 1620 deserviunt
920 1591 973 1620 ex
1000 1584 1113 1620 voto
1138 1568 1491 1634 transmitteret,
1513 1574 1788 1639 praecipiens

368 1649 644 1714 presbytero
670 1661 723 1697 ut
743 1651 805 1698 ad
829 1668 939 1698 eum
959 1652 1145 1698 rediens
1163 1661 1434 1699 sanctorum
1457 1650 1546 1697 sibi
1569 1650 1788 1713 reliquias

369 1723 628 1772 exhiberet.
652 1726 796 1788 igitur
818 1725 953 1787 dum,
979 1726 1172 1791 impleta
1186 1727 1306 1790 regis
1321 1725 1654 1791 praeceptione,
1676 1741 1786 1770 cum

368 1797 443 1845 his
465 1799 788 1862 regrederetur
808 1800 1110 1866 pignoribus,
1133 1801 1378 1848 Lemanni¹
1400 1800 1507 1861 laci,
1535 1815 1620 1864 per
1641 1815 1785 1862 quem

370 1876 630 1924 Rhodanus
666 1878 844 1939 influit,
880 1879 1121 1942 navigium
1149 1879 1281 1943 petit.
1318 1877 1595 1925 Extenditur
1627 1885 1786 1924 autem

368 1952 500 2000 lacus
530 1955 607 2002 ille
639 1956 688 2001 in
720 1955 1017 2019 longitudine
1049 1957 1182 2020 quasi
1218 1955 1378 2002 stadiis
1407 1954 1783 2019 quadringentis,

367 2030 615 2080 latitudine
651 2043 812 2081 autem
844 2033 1004 2080 stadiis
1036 2043 1229 2082 centum
1262 2033 1618 2097 quinquaginta.
1648 2031 1788 2078 Deni-

369 2125 462 2173 que
494 2122 733 2159 revertens
763 2111 1024 2177 presbyter,
1061 2122 1115 2159 ut
1146 2113 1366 2173 diximus,
1401 2128 1513 2159 cum
1546 2110 1786 2173 navigium

368 2186 463 2235 hoc
491 2189 650 2238 fuisset
671 2207 912 2254 aggressus
927 2227 939 2250 ,
964 2191 1122 2238 subito
1151 2201 1403 2256 tempestas
1432 2200 1595 2238 exorta
1615 2189 1786 2235 fluctus

368 2266 490 2313 tollit
523 2285 532 2313 :
570 2268 632 2315 ad
661 2269 814 2316 sidera
847 2279 1044 2333 surgunt
1075 2270 1312 2316 undarum
1342 2277 1554 2326 montes,
1583 2276 1631 2314 et
1657 2282 1786 2312 nunc

368 2345 542 2409 puppis
570 2347 819 2406 naviculae,
849 2363 991 2411 prora
1026 2347 1319 2405 dehiscente,
1353 2345 1498 2392 fertur
1526 2345 1576 2391 in
1610 2338 1781 2403 altum3

370 2438 499 2469 nunc
538 2424 731 2484 iterum,
776 2425 990 2471 demersa
1023 2441 1204 2489 puppe,
1242 2440 1386 2490 prora
1419 2423 1598 2470 tollitur
1631 2422 1681 2468 in
1714 2437 1787 2467 su-

369 2498 531 2548 blime.
561 2502 830 2551 Turbantur
850 2512 1021 2563 nautae,
1050 2512 1097 2550 et
1122 2501 1241 2550 nihil
1265 2502 1395 2550 aliud
1418 2502 1507 2549 nisi
1534 2500 1635 2548 sola
1658 2515 1786 2547 mors

370 2577 418 2623 in
461 2578 556 2625 hoc
598 2580 811 2645 periculo
850 2579 1160 2644 praestolatur.
1199 2582 1330 2627 Tunc
1374 2577 1635 2644 presbyter,
1674 2592 1785 2624 cum

370 2655 549 2703 videret
589 2674 637 2703 se
673 2657 748 2704 his
785 2656 1009 2704 fluctibus
1046 2656 1188 2703 obrui
1204 2694 1215 2716 ‚
1256 2666 1302 2703 et
1337 2656 1516 2722 spumis
1549 2653 1785 2702 undarum

1071 2730 1077 2734 ”
1372 2736 1397 2754 Ι

424 2820 482 2869 (¹)
499 2821 694 2867 Limamzi,
716 2832 828 2871 supp.
852 2822 943 2868 478,
965 2821 1084 2861 2791.
