2002 3418
334 307 412 344 181..
731 308 797 344 DE
827 307 1012 345 GLORIA
1042 308 1334 346 MARTYRUM.

334 413 462 458 rans,
484 413 546 444 ne
561 407 608 445 et
628 413 866 446 marmora
884 399 1222 462 confregissent
1242 409 1290 447 et
1304 400 1474 463 aliquis
1490 400 1743 465 deperisset

335 493 360 523 e
395 476 596 542 populo,
644 477 762 525 scire
795 494 895 525 non
919 486 1106 543 poterat
1126 477 1242 542 quid
1273 477 1438 525 damni
1459 478 1738 525 accessisset.

333 553 498 601 Nullus
521 555 646 601 enim
671 565 866 620 propter
904 554 1129 603 nebulam
1166 555 1372 620 pulveris
1407 555 1520 602 illuc
1561 564 1746 620 poterat

333 630 574 680 accedere.
609 635 719 679 Post
741 631 946 680 duarum
966 649 1080 680 vero
1112 632 1343 679 horarum
1363 633 1592 697 spatium,
1618 648 1745 680 rece-

333 708 473 756 dente
493 708 686 770 nebula,
719 710 914 773 ingressi
935 719 1046 757 sunt
1066 710 1140 756 vel
1168 709 1503 757 defunctorum
1529 708 1746 772 colligere

335 803 556 851 corpora,
603 787 677 835 vel
698 787 1032 835 columnarum
1057 787 1318 851 fragmenta
1339 787 1516 834 rimari.
1556 787 1747 835 Nullum

334 863 580 911 hominem
615 865 805 930 periisse
836 875 1132 929 cognoscunt
1158 883 1169 912 ε
1195 865 1338 912 altare
1362 881 1555 929 quoque
1576 865 1749 911 miran-

332 950 411 987 tur
427 941 640 1003 illaesum,
688 943 738 989 in
775 942 908 1006 quod
938 958 965 990 e
999 952 1131 989 tanta
1164 942 1410 989 altitudine
1433 943 1647 1007 impactae
1666 959 1747 989 co-

329 1018 507 1066 lumnae
546 1020 666 1067 nihil
698 1019 902 1066 laesionis
939 1019 1216 1067 intulerunt.
1255 1020 1380 1078 Quid
1416 1020 1590 1086 plura?
1611 1022 1749 1069 inve-

332 1105 508 1142 nerunt
550 1096 714 1143 omnia
751 1097 934 1160 integra
949 1134 962 1158 ‚
1010 1107 1182 1143 cuncta
1223 1099 1606 1162 contemplantur
1649 1114 1748 1146 esse

332 1173 510 1221 salvata
541 1192 552 1220 :
582 1173 848 1238 glorificant
885 1184 1159 1238 martyrem,
1200 1175 1502 1239 conspiciunt
1538 1177 1626 1223 Dei
1655 1177 1747 1224 vir-

332 1260 500 1314 tutem,
526 1252 609 1316 qui
632 1252 698 1299 sic
718 1252 865 1300 altare
883 1252 1224 1317 columnasque
1246 1252 1448 1299 servavit
1467 1251 1646 1300 illaesas.

399 1331 453 1375 In
475 1328 617 1393 hujus
637 1328 770 1376 urbis
794 1329 1031 1377 territorio
1054 1339 1100 1377 et
1120 1329 1333 1377 Julianus
1366 1332 1564 1394 martyr¹
1585 1331 1750 1394 agonis

332 1406 544 1470 palmam
567 1407 774 1470 legitime
795 1406 1085 1455 decertando
1101 1407 1380 1471 promeruit.
1414 1409 1485 1454 De
1506 1406 1640 1472 cujus
1657 1409 1750 1456 vir-

333 1484 514 1532 tutihus
535 1501 643 1550 quae
661 1485 724 1534 ad
746 1502 836 1533 nos
856 1502 1007 1550 usque
1029 1494 1279 1545 venerunt,
1312 1488 1360 1532 in
1381 1484 1506 1533 libro
1523 1502 1669 1551 quem
1689 1485 1749 1534 de

332 1561 432 1625 ejus
455 1563 695 1611 miraculis
716 1563 908 1629 proprie
928 1561 1133 1610 scribere
1163 1564 1562 1628 praesumpsimus,
1590 1563 1748 1612 decla-

334 1639 558 1688 ravimus.

882 1722 1040 1759 CAPUT
1063 1722 1194 1759 LXVI.

627 1811 679 1846 De
695 1811 790 1846 furto
810 1818 950 1859 patrato
966 1809 1005 1846 in
1021 1809 1096 1845 aede
1111 1810 1223 1846 sancti
1238 1809 1455 1847 Saturnini¹.

398 1904 452 1948 In
474 1902 577 1966 ipso
600 1915 794 1964 quoque
815 1900 1070 1961 territorio,
1105 1909 1319 1964 tempore
1341 1915 1440 1964 quo
1458 1898 1750 1949 Chramnus⁰

331 1981 596 2026 Arvernum
612 1976 747 2024 abiit³
762 1992 874 2023 cum
891 1975 1076 2023 diversa
1088 1976 1264 2024 scelera
1277 1975 1339 2023 ab
1358 1975 1460 2039 ejus
1477 1987 1749 2040 gererentur

331 2056 573 2117 ministris,
592 2056 805 2120 quinque
825 2055 914 2102 viri
928 2065 1282 2103 sacrosanctum
1298 2056 1559 2104 oratorium
1577 2057 1750 2106 domus

332 2134 602 2181 Iciacensis⁴
624 2133 786 2180 furtim
827 2142 1059 2197 appetunt
1085 2152 1096 2180 ε
1126 2133 1366 2181 habentur
1401 2145 1559 2182 autem
1596 2136 1645 2182 in
1688 2153 1748 2183 eo

380 2299 437 2347 (1)
454 2299 530 2337 An.
553 2299 648 2345 304,
667 2298 719 2335 ‘28
738 2309 828 2349 aug.
850 2317 904 2325 —-
920 2298 975 2345 (2)
993 2299 1053 2335 De
1063 2297 1236 2346 reliquiis
1254 2299 1294 2336 S.
1312 2298 1524 2346 Saturnini,
1544 2300 1664 2339 2791.

381 2366 437 2412 (3)
457 2363 567 2403 Colb.
587 2376 626 2413 a,
649 2364 917 2403 Condramnus.
941 2364 1021 2411 (R.)

381 2427 436 2474 (4)
446 2425 682 2464 Iciodorensi
689 2427 953 2464 Arvernorum
967 2426 1132 2475 (Issoire)
1142 2425 1245 2463 favet
1254 2425 1384 2464 titulus
1396 2426 1436 2464 in
1447 2425 1541 2465 Bell.
1551 2435 1589 2465 et
1597 2427 1718 2466 Laud.
1734 2444 1742 2468 :

334 2492 386 2526 De
398 2491 558 2527 oratorio
570 2491 799 2527 Iciodorensi
815 2491 856 2526 in
869 2490 1048 2535 Arverno,
1068 2486 1133 2524 abi
1141 2491 1522 2527 sanetusSatarniuas
1533 2492 1743 2540 requiescit.

290 2593 304 2606 ο
328 2549 437 2587 Golb.
460 2563 483 2587 a
505 2565 514 2589 ε
535 2553 643 2589 De...
662 2550 940 2589 Iciodorensi...
961 2548 1028 2586 ubi
1042 2558 1194 2587 sanctas
1213 2551 1529 2599 Symphwianus,
1547 2560 1622 2590 etc.
1642 2553 1746 2591 Reti-

326 2612 494 2650 nendam
512 2625 608 2650 vero
630 2624 768 2651 vocem
790 2613 993 2650 Iciacensis
1018 2610 1261 2649 verisimilius
1283 2620 1354 2651 est.
1384 2613 1457 2652 Hic
1481 2612 1624 2665 quippe
1646 2613 1745 2652 desi-

326 2674 435 2726 gnari
457 2674 610 2712 videtur
634 2673 750 2714 vicus
765 2677 868 2713 Issac
888 2673 1005 2726 vulgo
1025 2673 1169 2721 dictus,
1199 2674 1312 2713 unica
1338 2688 1362 2713 a
1386 2675 1593 2728 Ricomago
1611 2677 1746 2725 (Riom)

326 2737 437 2776 leuca
460 2736 602 2776 distans
615 2766 626 2784 ,
653 2737 720 2775 ubi
740 2736 932 2788 hodieque
957 2727 1116 2775 ecclesia
1133 2737 1362 2789 parochialis
1382 2747 1554 2776 sanctum
1573 2739 1744 2777 Saturni—

325 2813 418 2838 num
435 2800 647 2838 Tolosatem
667 2800 886 2851 episcopum
906 2807 1108 2851 patronum
1128 2800 1312 2851 agnoseit.
1336 2802 1416 2849 (R.)
