2002 3418
370 353 420 389 32
776 354 842 390 DE
870 352 1059 391 GLORIA
1087 354 1382 392 MARTYRUM.

369 440 572 489 cendam
594 442 810 490 Mosaicae
834 442 948 507 legis
970 443 1192 508 injuriam
1207 481 1220 505 ‚
1248 442 1485 508 parricida
1502 443 1553 490 in
1573 452 1620 490 te
1641 443 1789 492 durus

368 520 581 568 existam.
606 541 629 564 »
657 523 715 567 Et
737 522 1087 587 apprehensum
1120 539 1323 587 puerum
1344 522 1394 568 in
1417 538 1471 568 os
1494 521 1697 570 fornacis
1718 539 1790 571 ar-

369 596 524 645 dentis
562 598 764 663 projecit
778 637 791 661 ,
834 599 1121 664 adjectisque
1158 600 1297 663 lignis
1333 616 1431 664 quo
1463 599 1790 647 vehementius

367 687 658 738 exureretur,
695 677 880 724 insistit.
920 677 1014 724 Sed
1043 694 1143 724 non
1177 677 1326 724 defuit
1356 678 1437 725 illa
1464 676 1790 725 misericordia

367 767 473 815 quae
507 764 600 801 tres
623 754 870 818 quondam
894 754 1118 802 Hebraeos
1139 772 1313 820 pueros
1338 755 1595 802 Chaldaico
1628 754 1680 801 in
1713 771 1790 802 ca-

366 830 501 878 mino
531 832 768 896 projectos
791 831 920 879 nube
941 834 1184 881 rorulenta
1205 843 1502 898 resperserat.
1532 836 1639 897 Ipsa
1659 832 1790 879 enim

365 917 413 954 et
427 908 559 956 hunc
575 910 698 956 inter
714 910 898 957 medios
911 911 1043 974 ignes
1056 921 1102 958 et
1114 927 1378 976 prunarum
1393 912 1543 975 moles
1551 915 1790 976 Jacentem

365 1001 561 1049 prorsus
599 988 819 1034 consumi
853 1005 953 1034 non
996 989 1188 1053 patitur.
1229 991 1352 1036 Cum
1388 998 1548 1037 autem
1584 987 1791 1036 audisset

366 1072 518 1110 mater
549 1063 683 1127 quod
713 1065 890 1112 scilicet
920 1064 1073 1112 filium
1105 1083 1412 1114 communem
1447 1075 1582 1131 pater
1614 1064 1791 1113 delibe-

366 1151 513 1188 rasset
529 1158 750 1204 exurere,
775 1143 985 1189 cucurrit
1005 1143 1067 1190 ad
1088 1143 1392 1191 liberandum
1410 1160 1538 1191 eum.
1565 1142 1660 1190 Sed
1677 1159 1790 1190 cum

365 1218 557 1265 vidisset
578 1219 803 1267 incendia
833 1219 895 1267 ab
930 1236 1013 1266 ore
1045 1219 1250 1267 fornacis
1275 1219 1440 1285 patulo
1470 1220 1568 1267 huc
1596 1230 1645 1268 et
1676 1220 1790 1268 illuc

366 1295 561 1343 flamma
576 1295 856 1344 dominante
871 1297 1095 1362 respergi,
1115 1307 1340 1345 ornatum
1355 1297 1522 1363 capitis
1536 1297 1600 1345 ad
1614 1307 1791 1346 terram

366 1375 567 1439 projecit
586 1411 599 1436 ‚
638 1374 904 1438 diffusaque
937 1375 1124 1423 caesarie
1157 1392 1206 1422 se
1248 1376 1470 1423 miseram
1510 1375 1757 1423 clamitans
1772 1412 1786 1437 ,

366 1452 607 1499 civitatem
627 1452 828 1499 vocibus
849 1453 1031 1518 implet.
1072 1452 1216 1511 Quod
1237 1470 1349 1499 cum
1373 1453 1644 1516 christiani,
1672 1453 1790 1519 quid

369 1540 530 1578 actum
566 1530 718 1577 fuerat
742 1530 1041 1592 didicissent,
1076 1539 1369 1577 concurrunt
1393 1547 1561 1577 omnes
1594 1531 1658 1578 ad
1689 1541 1789 1579 tam

367 1609 586 1672 iniquum
612 1609 932 1674 spectaculum
947 1646 959 1670 ‚
985 1609 1290 1672 retractisque
1309 1607 1498 1671 ignibus
1514 1607 1576 1655 ab
1596 1625 1679 1655 ore
1697 1608 1789 1656 for-

367 1687 498 1734 nacis
511 1724 523 1747 ‚
562 1687 813 1734 inveniunt
844 1703 1050 1752 puerum
1074 1686 1209 1750 quasi
1234 1701 1375 1750 super
1401 1685 1589 1750 plumas
1611 1685 1790 1734 mollis-

367 1765 509 1812 simas
530 1765 916 1813 decumbentem.
938 1768 1047 1823 Quo
1063 1775 1291 1826 extracto⁷
1311 1764 1607 1813 admirantur
1621 1781 1790 1812 omnes

284 1889 290 1894 ,
366 1843 588 1906 illaesum,
614 1843 998 1908 clamoribusque
1022 1843 1157 1890 locus
1175 1843 1253 1890 ille
1272 1843 1496 1907 repletur,
1527 1852 1575 1889 et
1597 1843 1664 1889 sic
1692 1845 1789 1889 Do-

367 1921 555 1968 minum
573 1922 729 1968 omnis
745 1922 954 1986 populus
971 1920 1228 1968 benedicit.
1250 1918 1627 1967 Conclamabant
1645 1921 1788 1967 etiam

366 2008 420 2045 ut
450 2009 696 2047 auctorem
723 1999 866 2064 hujus
893 1999 1081 2046 sceleris
1110 1999 1159 2044 in
1189 1999 1314 2063 ipsas
1343 1997 1630 2062 projicerent
1656 1997 1789 2045 flam-

367 2093 486 2125 mas.
514 2066 791 2142 Projectum
814 2087 975 2125 autem
999 2077 1065 2123 ita
1094 2086 1250 2123 totum
1280 2075 1401 2139 ignis
1426 2073 1675 2142 absorbuit
1689 2112 1702 2137 ,
1734 2084 1790 2123 ut

366 2155 444 2201 vix
478 2154 539 2202 de
575 2154 760 2202 ossibus
793 2154 893 2219 ejus
925 2170 1128 2219 parvum
1160 2151 1525 2218 quodammodo
1555 2151 1789 2216 relinque-

366 2242 495 2279 retur
529 2232 778 2280 indicium.

432 2314 782 2375 Interrogantes
801 2320 962 2358 autem
984 2307 1272 2356 infantulum
1305 2307 1548 2354 christiani
1578 2307 1718 2370 quale
1741 2309 1787 2355 ei

366 2387 489 2435 inter
511 2389 643 2452 ignes
665 2389 824 2436 fuisset
857 2387 1211 2447 umbraculum,
1242 2385 1308 2433 ait
1333 2403 1343 2431 :
1375 2405 1399 2428 «
1423 2385 1590 2432 Mulier
1610 2401 1716 2449 quae
1735 2385 1786 2434 in

367 2465 563 2514 basilica
588 2467 668 2514 illa
696 2466 781 2514 uhi
803 2483 980 2532 panem
1005 2465 1065 2512 de
1085 2479 1251 2511 mensa
1276 2463 1465 2528 accepi,
1491 2464 1542 2510 in
1562 2462 1788 2512 cathedra

368 2543 578 2591 residens
593 2582 605 2606 ,
637 2544 892 2609 parvulum
918 2544 968 2590 in
994 2543 1101 2589 sinu
1131 2551 1277 2605 gestat
1300 2541 1555 2603 infantem,
1583 2541 1686 2589 haec
1708 2558 1786 2589 me

368 2620 512 2684 pallio
536 2637 642 2682 suo,
669 2620 873 2684 neignis
901 2629 1089 2666 voraret
1104 2657 1117 2681 ‚
1155 2618 1358 2683 operuit.
1389 2637 1412 2662 n
1439 2617 1577 2665 Unde
1598 2616 1786 2665 indubi-

368 2707 519 2745 tatum
545 2708 614 2745 est
643 2697 835 2746 beatam
867 2698 911 2744 ei
937 2697 1133 2743 Mariam
1160 2696 1446 2761 apparuisse.
1482 2695 1646 2758 Agnita
1671 2712 1784 2759 ergo

369 2775 524 2822 infans
545 2775 640 2822 fide
663 2775 919 2836 catholica,
945 2773 1145 2830 credidit
1164 2774 1214 2820 in
1234 2774 1429 2820 nomine
1447 2773 1596 2820 Pan-is
1615 2782 1663 2820 et
1684 2773 1785 2820 Filii

367 2863 414 2901 et
452 2854 650 2918 Spiritus
682 2853 854 2914 sancti,
891 2869 947 2900 ac
983 2851 1265 2900 salutaribus
1300 2851 1435 2916 aquis
1467 2850 1656 2898 ablutus
1687 2867 1783 2898 una
