2002 3418
360 325 435 361 258
758 326 823 361 DE
856 325 1041 364 GLORIA
1070 328 1361 366 MARTYRUM.

361 414 414 458 In
437 411 571 475 cujus
596 411 790 460 basilica
810 413 1053 476 analogius
1067 451 1079 475 ,
1109 414 1156 460 in
1178 431 1275 478 quo
1299 414 1422 462 libro
1444 432 1584 480 supra
1606 416 1759 481 posito

358 498 572 536 cantatur
604 499 685 537 aut
715 489 899 552 legitur,
934 490 1208 538 mirabiliter
1240 492 1527 557 compositus
1557 508 1655 540 esse
1679 509 1761 548 ,re-

358 564 518 612 fertur.
552 569 669 614 Nam
700 583 758 614 ex
793 583 892 614 uno
923 568 1078 633 lapide
1116 569 1365 616 marmoris
1400 579 1526 617 totus
1556 570 1763 636 sculptus

357 643 577 691 asseritur
604 662 615 692 ε
644 644 693 691 id
711 655 780 692 est
796 660 959 692 mensa
977 645 1195 710 desuper,
1216 646 1278 693 ad
1299 662 1444 711 quam
1461 663 1547 712 per
1561 658 1763 711 quatuor

357 722 529 785 gradus
572 723 862 783 ascenditur3
905 725 1100 772 cancelli
1139 726 1188 771 in
1221 725 1445 786 circuitu,
1479 725 1640 774 subter
1675 743 1764 774 co·-

356 801 546 862 lumnae,
569 802 681 865 quia
701 812 748 849 et
767 803 1003 867 pulpitum
1022 802 1167 850 habet
1188 802 1276 850 sub
1302 820 1399 867 quo
1419 797 1532 852 'octo
1552 820 1763 870 personae

354 879 500 943 recipi
524 889 737 944 possunt.
760 880 857 936 ,Qui
886 895 1134 943 nunquam
1160 879 1227 927 ibi
1254 881 1352 927 ullo
1391 881 1581 945 ingenio
1611 881 1766 946 potuit

354 955 584 1017 exhiberi,
610 957 700 1004 nisi
724 957 870 1004 virtus
893 958 1110 1021 martyris
1129 958 1425 1023 praestitisset.

914 1110 1068 1146 CAPUT
1093 1110 1205 1146 XCV.

646 1206 711 1239 ‘De
729 1214 861 1252 septem
880 1205 1145 1240 Dormientibus
1160 1205 1258 1253 apud
1274 1206 1466 1253 Ephesum.

421 1296 610 1359 Septem
627 1311 740 1342 vero
763 1311 1096 1358 germanorum
1113 1333 1126 1357 ‚
1153 1296 1236 1360 qui
1258 1296 1388 1361 apud
1421 1295 1590 1344 urbem
1611 1296 1764 1362 Ephe-

353 1389 457 1419 sum
487 1374 828 1436 requiescunt¹,
853 1373 954 1420 haec
980 1383 1051 1421 est
1083 1374 1219 1421 ratio.
1256 1376 1484 1439 Tempore
1516 1375 1647 1422 Decii
1676 1375 1764 1422 im·

353 1450 582 1514 peratoris
598 1488 611 1512 ‚
653 1467 765 1498 cum
806 1451 1069 1516 persecutio
1115 1451 1163 1498 in
1209 1450 1488 1498 christianos
1531 1461 1762 1515 ageretur,

352 1539 531 1594 septem
555 1530 642 1578 viri
676 1529 1007 1594 comprehensi
1037 1539 1146 1576 sunt
1184 1539 1232 1577 et
1263 1528 1393 1576 ducti
1434 1542 1617 1577 coram·
1639 1529 1768 1594 prin·

353 1607 482 1671 cipe3
505 1608 680 1655 horum
698 1608 894 1655 nomina
913 1606 1015 1654 haec
1033 1616 1142 1654 sunt
1159 1624 1170 1653 ε
1190 1607 1516 1668 Maximianus,
1535 1607 1761 1668 Malchus,

353 1684 688 1746 Martinianus,
715 1683 1077 1744 Constantinus,
1107 1683 1391 1746 Dionysius,
1419 1686 1651 1744 Joannes,
1683 1684 1763 1730 Se-

351 1761 521 1825 rapion
543 1762 573 1807 ³.
621 1760 741 1822 Qui,
791 1760 986 1807 diversis
1026 1758 1182 1806 verbis
1217 1760 1382 1807 tentati
1414 1770 1468 1807 ut
1511 1759 1759 1822 cederent,

351 1855 656 1903 nequaquam
684 1839 1039 1903 acquieverunt.
1072 1840 1332 1902 Imperator
1367 1853 1508 1898 vero,
1545 1853 1633 1903 pro
1673 1837 1764 1885 ele-

351 1917 509 1978 gantia
550 1932 716 1964 eorum
743 1952 755 1973 ,
802 1932 862 1962 ne
906 1916 956 1961 in
995 1924 1238 1961 momento
1280 1914 1487 1978 perirent
1508 1951 1520 1975 ‚
1561 1915 1762 1979 spatium

352 1994 583 2052 tractandi
607 1994 834 2057 indnget.
857 1995 911 2040 At
932 1993 999 2039 illi
1029 1993 1078 2038 in
1106 2009 1249 2039 unam
1273 2009 1321 2038 se
1347 1992 1618 2056 speluncam
1647 2008 1764 2039 con·

351 2071 581 2134 cludunt,
610 2071 771 2136 ibique
803 2086 888 2136 per
918 2070 1091 2118 multos
1115 2069 1216 2116 dies
1246 2068 1596 2117 habitaverunt.
1627 2072 1765 2133 Egre-

352 2149 571 2197 diebatur
591 2160 750 2197 tamen
773 2165 897 2195 unus
915 2164 972 2195 ex
995 2148 1061 2195 eis
1074 2185 1087 2208 ,
1111 2157 1159 2194 et
1179 2146 1486 2212 comparabat
1509 2147 1659 2195 victus
1677 2184 1690 2208 ,
1716 2155 1763 2194 et

353 2245 455 2291 quae
498 2228 758 2275 necessaria
804 2236 939 2273 erant
975 2223 1244 2273 exhibebat.
1292 2227 1566 2272 Revertente
1603 2228 1759 2272 autem

352 2307 634 2371 imperatore
677 2306 726 2351 in
765 2303 982 2352 eamdem
1018 2302 1254 2348 civitatem
1273 2338 1286 2363 ,
1318 2301 1392 2348 isti
1429 2302 1665 2366 petierunt
1698 2302 1759 2351 ad

351 2384 612 2430 Dominum
638 2392 693 2429 ut
724 2398 805 2429 eos
841 2380 902 2428 ab
924 2380 1019 2426 hoc
1038 2378 1249 2443 periculo
1274 2378 1544 2441 dignaretur
1563 2396 1754 2442 eruere,

354 2460 567 2523 factaque
600 2458 814 2508 oratione
835 2457 1054 2524 prostrati
1076 2455 1178 2503 solo
1204 2454 1580 2504 obdormierunt.
1613 2459 1758 2505 Cum-

404 2644 459 2691 (1)
477 2644 551 2679 An.
574 2643 674 2688 250,
694 2642 742 2679 27
760 2639 831 2687 jul.
859 2638 940 2689 (R.)

405 2705 460 2752 (2)
479 2704 597 2742 Paulo
616 2703 724 2743 aliter
747 2716 770 2740 a
788 2700 928 2741 Graecis
947 2699 1163 2737 referuntur
1182 2711 1313 2738 eorum
1332 2699 1501 2738 nomina.
1522 2699 1669 2737 Primus
1691 2711 1755 2737 eos

354 2765 563 2804 celebravit
594 2774 724 2803 noster
757 2763 977 2816 Gregorius.
1015 2764 1074 2800 De
1102 2761 1161 2799 his
1190 2761 1294 2813 apud
1323 2760 1498 2800 Photium
1532 2761 1619 2801 cod.
1654 2763 1729 2800 253
1741 2789 1753 2806 ,

354 2828 642 2869 Constantinum
661 2830 873 2866 Manassem
893 2835 927 2863 et
945 2825 1052 2863 alios.
1073 2823 1168 2864 Vide
1185 2824 1410 2871 Baroffium,
1430 2823 1478 2861 ad
1494 2822 1655 2872 275u1ii.
1676 2824 1755 2870 (R.)
