<?xml version="1.0" encoding="UTF-8"?>
<!DOCTYPE html PUBLIC "-//W3C//DTD XHTML 1.0 Transitional//EN"
    "http://www.w3.org/TR/xhtml1/DTD/xhtml1-transitional.dtd">
<html xmlns="http://www.w3.org/1999/xhtml" xml:lang="en" lang="en">
 <head>
  <title>
</title>
<meta http-equiv="Content-Type" content="text/html;charset=utf-8" />
  <meta name='ocr-system' content='tesseract 3.04.00' />
  <meta name='ocr-capabilities' content='ocr_page ocr_carea ocr_par ocr_line ocrx_word'/>
</head>
<body>
  <div class='ocr_page' id='page_1' title='image "./leslivresdesmira01greguoft_0430.png"; bbox 0 0 2002 3418; ppageno 0'>
   <div class='ocr_carea' id='block_1_1' title="bbox 350 348 1454 387">
    <p class='ocr_par' dir='ltr' id='par_1_1' title="bbox 350 348 1454 387">
     <span class='ocr_line' id='line_1_1' title="bbox 350 348 1454 387; baseline 0.001 -1"><span class='ocrx_word' id='word_1_1' title='bbox 350 350 427 386; x_wconf 69' lang='grc'>374</span> <span class='ocrx_word' id='word_1_2' title='bbox 657 351 723 386; x_wconf 88' lang='lat' dir='ltr'>DE</span> <span class='ocrx_word' id='word_1_3' title='bbox 751 349 1019 386; x_wconf 82' lang='lat' dir='ltr'>MIRACULIS</span> <span class='ocrx_word' id='word_1_4' title='bbox 1048 348 1218 386; x_wconf 81' lang='lat' dir='ltr'>SANcrl</span> <span class='ocrx_word' id='word_1_5' title='bbox 1244 349 1454 387; x_wconf 78' lang='lat' dir='ltr'>IULIANI.</span> 
     </span>
    </p>
   </div>
   <div class='ocr_carea' id='block_1_2' title="bbox 865 489 1241 526">
    <p class='ocr_par' dir='ltr' id='par_1_2' title="bbox 865 489 1241 526">
     <span class='ocr_line' id='line_1_2' title="bbox 865 489 1241 526; baseline -0.005 0"><span class='ocrx_word' id='word_1_6' title='bbox 865 490 1021 526; x_wconf 88' lang='lat' dir='ltr'><strong>CAPUT</strong></span> <span class='ocrx_word' id='word_1_7' title='bbox 1047 489 1241 524; x_wconf 89' lang='lat' dir='ltr'>XXXVII.</span> 
     </span>
    </p>
   </div>
   <div class='ocr_carea' id='block_1_3' title="bbox 885 585 1223 633">
    <p class='ocr_par' dir='ltr' id='par_1_3' title="bbox 885 585 1223 633">
     <span class='ocr_line' id='line_1_3' title="bbox 885 585 1223 633; baseline -0.003 -13"><span class='ocrx_word' id='word_1_8' title='bbox 885 587 937 620; x_wconf 90' lang='lat' dir='ltr'>De</span> <span class='ocrx_word' id='word_1_9' title='bbox 954 586 1070 633; x_wconf 89' lang='lat' dir='ltr'>puella</span> <span class='ocrx_word' id='word_1_10' title='bbox 1084 586 1183 633; x_wconf 90' lang='lat' dir='ltr'>lippa</span> <span class='ocrx_word' id='word_1_11' title='bbox 1195 585 1223 620; x_wconf 91' lang='lat'>¹.</span> 
     </span>
    </p>
   </div>
   <div class='ocr_carea' id='block_1_4' title="bbox 415 680 1843 748">
    <p class='ocr_par' dir='ltr' id='par_1_4' title="bbox 415 680 1843 748">
     <span class='ocr_line' id='line_1_4' title="bbox 415 680 1843 748; baseline 0.001 -21"><span class='ocrx_word' id='word_1_12' title='bbox 415 680 573 728; x_wconf 89' lang='lat' dir='ltr'>Puella</span> <span class='ocrx_word' id='word_1_13' title='bbox 603 681 821 745; x_wconf 87' lang='lat' dir='ltr'>quaedam</span> <span class='ocrx_word' id='word_1_14' title='bbox 853 683 994 748; x_wconf 92' lang='lat' dir='ltr'>lippis</span> <span class='ocrx_word' id='word_1_15' title='bbox 1026 692 1125 730; x_wconf 88' lang='lat' dir='ltr'>erat</span> <span class='ocrx_word' id='word_1_16' title='bbox 1158 681 1307 729; x_wconf 90' lang='lat' dir='ltr'>oculis</span> <span class='ocrx_word' id='word_1_17' title='bbox 1340 691 1388 728; x_wconf 89' lang='lat' dir='ltr'>et</span> <span class='ocrx_word' id='word_1_18' title='bbox 1422 681 1571 728; x_wconf 92' lang='lat' dir='ltr'>nimio</span> <span class='ocrx_word' id='word_1_19' title='bbox 1610 680 1762 729; x_wconf 86' lang='lat' dir='ltr'><strong>imbre</strong></span> <span class='ocrx_word' id='word_1_20' title='bbox 1840 721 1843 723; x_wconf 90' lang='lat'>.</span> 
     </span>
    </p>
   </div>
   <div class='ocr_carea' id='block_1_5' title="bbox 347 757 1770 1680">
    <p class='ocr_par' dir='ltr' id='par_1_5' title="bbox 347 757 1770 1680">
     <span class='ocr_line' id='line_1_5' title="bbox 347 757 1760 825; baseline 0.001 -21"><span class='ocrx_word' id='word_1_21' title='bbox 347 757 663 822; x_wconf 86' lang='lat' dir='ltr'>lacrymarum</span> <span class='ocrx_word' id='word_1_22' title='bbox 699 760 966 825; x_wconf 87' lang='lat' dir='ltr'>profluente</span> <span class='ocrx_word' id='word_1_23' title='bbox 1015 776 1138 825; x_wconf 93' lang='lat' dir='ltr'>pene</span> <span class='ocrx_word' id='word_1_24' title='bbox 1181 769 1351 807; x_wconf 89' lang='lat' dir='ltr'>caecata</span> <span class='ocrx_word' id='word_1_25' title='bbox 1387 777 1398 805; x_wconf 91' lang='lat'>:</span> <span class='ocrx_word' id='word_1_26' title='bbox 1440 763 1574 823; x_wconf 89' lang='lat' dir='ltr'>cujus</span> <span class='ocrx_word' id='word_1_27' title='bbox 1608 768 1760 823; x_wconf 88' lang='lat' dir='ltr'>pater,</span> 
     </span>
     <span class='ocr_line' id='line_1_6' title="bbox 350 835 1764 901; baseline -0.001 -18"><span class='ocrx_word' id='word_1_28' title='bbox 350 836 512 884; x_wconf 87' lang='lat' dir='ltr'>audita</span> <span class='ocrx_word' id='word_1_29' title='bbox 537 837 709 884; x_wconf 90' lang='lat' dir='ltr'>virtute</span> <span class='ocrx_word' id='word_1_30' title='bbox 732 838 950 901; x_wconf 89' lang='lat' dir='ltr'>martyris</span> <span class='ocrx_word' id='word_1_31' title='bbox 977 838 1186 900; x_wconf 88' lang='lat' dir='ltr'>gloriosi,</span> <span class='ocrx_word' id='word_1_32' title='bbox 1213 854 1324 885; x_wconf 90' lang='lat' dir='ltr'>cum</span> <span class='ocrx_word' id='word_1_33' title='bbox 1347 853 1405 884; x_wconf 90' lang='lat' dir='ltr'>ea</span> <span class='ocrx_word' id='word_1_34' title='bbox 1431 836 1494 884; x_wconf 90' lang='lat' dir='ltr'>ad</span> <span class='ocrx_word' id='word_1_35' title='bbox 1520 835 1764 883; x_wconf 84' lang='lat' dir='ltr'>basilicam</span> 
     </span>
     <span class='ocr_line' id='line_1_7' title="bbox 351 915 1763 980; baseline 0 -20"><span class='ocrx_word' id='word_1_36' title='bbox 351 923 563 961; x_wconf 87' lang='lat' dir='ltr'>sanctam</span> <span class='ocrx_word' id='word_1_37' title='bbox 585 924 833 980; x_wconf 86' lang='lat' dir='ltr'><strong>properat,</strong></span> <span class='ocrx_word' id='word_1_38' title='bbox 860 915 1202 980; x_wconf 83' lang='lat' dir='ltr'>celebratisque</span> <span class='ocrx_word' id='word_1_39' title='bbox 1231 916 1400 979; x_wconf 85' lang='lat' dir='ltr'>vigiliis</span> <span class='ocrx_word' id='word_1_40' title='bbox 1416 953 1429 977; x_wconf 88' lang='lat'>,</span> <span class='ocrx_word' id='word_1_41' title='bbox 1469 930 1610 961; x_wconf 90' lang='lat' dir='ltr'>mane</span> <span class='ocrx_word' id='word_1_42' title='bbox 1643 929 1763 978; x_wconf 92' lang='lat' dir='ltr'>pau-</span> 
     </span>
     <span class='ocr_line' id='line_1_8' title="bbox 350 992 1764 1057; baseline -0.001 -18"><span class='ocrx_word' id='word_1_43' title='bbox 350 992 543 1057; x_wconf 87' lang='lat' dir='ltr'>peribus</span> <span class='ocrx_word' id='word_1_44' title='bbox 565 994 648 1057; x_wconf 93' lang='lat' dir='ltr'>qui</span> <span class='ocrx_word' id='word_1_45' title='bbox 672 993 735 1040; x_wconf 89' lang='lat' dir='ltr'>ad</span> <span class='ocrx_word' id='word_1_46' title='bbox 753 994 1050 1041; x_wconf 85' lang='lat' dir='ltr'><strong>matriculam</strong></span> <span class='ocrx_word' id='word_1_47' title='bbox 1070 994 1201 1041; x_wconf 93' lang='lat' dir='ltr'>illam</span> <span class='ocrx_word' id='word_1_48' title='bbox 1227 1003 1363 1041; x_wconf 90' lang='lat' dir='ltr'>erant</span> <span class='ocrx_word' id='word_1_49' title='bbox 1392 992 1553 1040; x_wconf 89' lang='lat' dir='ltr'>cibum</span> <span class='ocrx_word' id='word_1_50' title='bbox 1574 1001 1764 1057; x_wconf 87' lang='lat' dir='ltr'>potum-</span> 
     </span>
     <span class='ocr_line' id='line_1_9' title="bbox 352 1069 1765 1135; baseline 0 -20"><span class='ocrx_word' id='word_1_51' title='bbox 352 1084 445 1132; x_wconf 90' lang='lat' dir='ltr'>que</span> <span class='ocrx_word' id='word_1_52' title='bbox 472 1070 685 1134; x_wconf 87' lang='lat' dir='ltr'>protulit.</span> <span class='ocrx_word' id='word_1_53' title='bbox 714 1069 1026 1135; x_wconf 87' lang='lat' dir='ltr'>Epulantibus</span> <span class='ocrx_word' id='word_1_54' title='bbox 1048 1087 1163 1118; x_wconf 82' lang='lat' dir='ltr'>vero</span> <span class='ocrx_word' id='word_1_55' title='bbox 1185 1071 1297 1131; x_wconf 91' lang='lat' dir='ltr'>illis,</span> <span class='ocrx_word' id='word_1_56' title='bbox 1329 1069 1667 1135; x_wconf 87' lang='lat' dir='ltr'>subitopuella</span> <span class='ocrx_word' id='word_1_57' title='bbox 1687 1085 1765 1116; x_wconf 89' lang='lat' dir='ltr'>ca-</span> 
     </span>
     <span class='ocr_line' id='line_1_10' title="bbox 353 1146 1767 1213; baseline 0.001 -21"><span class='ocrx_word' id='word_1_58' title='bbox 353 1146 461 1210; x_wconf 92' lang='lat' dir='ltr'>pitis</span> <span class='ocrx_word' id='word_1_59' title='bbox 482 1146 648 1193; x_wconf 88' lang='lat' dir='ltr'>dolore</span> <span class='ocrx_word' id='word_1_60' title='bbox 670 1164 718 1194; x_wconf 93' lang='lat' dir='ltr'>se</span> <span class='ocrx_word' id='word_1_61' title='bbox 737 1148 947 1211; x_wconf 85' lang='lat' dir='ltr'>torqueri</span> <span class='ocrx_word' id='word_1_62' title='bbox 966 1148 1246 1213; x_wconf 84' lang='lat' dir='ltr'>proclamat,</span> <span class='ocrx_word' id='word_1_63' title='bbox 1265 1157 1313 1195; x_wconf 89' lang='lat' dir='ltr'>et</span> <span class='ocrx_word' id='word_1_64' title='bbox 1325 1157 1380 1195; x_wconf 90' lang='lat' dir='ltr'>ut</span> <span class='ocrx_word' id='word_1_65' title='bbox 1398 1147 1589 1195; x_wconf 88' lang='lat' dir='ltr'>modico</span> <span class='ocrx_word' id='word_1_66' title='bbox 1605 1147 1767 1211; x_wconf 91' lang='lat' dir='ltr'>sopori</span> 
     </span>
     <span class='ocr_line' id='line_1_11' title="bbox 353 1224 1767 1291; baseline 0.001 -21"><span class='ocrx_word' id='word_1_67' title='bbox 353 1224 654 1288; x_wconf 86' lang='lat' dir='ltr'>indulgeatur</span> <span class='ocrx_word' id='word_1_68' title='bbox 681 1226 920 1291; x_wconf 88' lang='lat' dir='ltr'>implorat.</span> <span class='ocrx_word' id='word_1_69' title='bbox 956 1227 1064 1284; x_wconf 90' lang='lat' dir='ltr'>Qua</span> <span class='ocrx_word' id='word_1_70' title='bbox 1093 1226 1365 1290; x_wconf 90' lang='lat' dir='ltr'>quiescente</span> <span class='ocrx_word' id='word_1_71' title='bbox 1378 1264 1391 1288; x_wconf 87' lang='lat'>,</span> <span class='ocrx_word' id='word_1_72' title='bbox 1421 1241 1533 1272; x_wconf 91' lang='lat' dir='ltr'>cum</span> <span class='ocrx_word' id='word_1_73' title='bbox 1557 1224 1767 1272; x_wconf 83' lang='lat' dir='ltr'>convivae</span> 
     </span>
     <span class='ocr_line' id='line_1_12' title="bbox 354 1301 1767 1368; baseline -0.001 -19"><span class='ocrx_word' id='word_1_74' title='bbox 354 1302 550 1366; x_wconf 89' lang='lat' dir='ltr'>epulum</span> <span class='ocrx_word' id='word_1_75' title='bbox 594 1303 909 1368; x_wconf 84' lang='lat' dir='ltr'>explicarent,</span> <span class='ocrx_word' id='word_1_76' title='bbox 949 1303 1029 1351; x_wconf 87' lang='lat' dir='ltr'>illa</span> <span class='ocrx_word' id='word_1_77' title='bbox 1061 1303 1260 1350; x_wconf 88' lang='lat' dir='ltr'>surrexit</span> <span class='ocrx_word' id='word_1_78' title='bbox 1293 1312 1340 1350; x_wconf 86' lang='lat' dir='ltr'>et</span> <span class='ocrx_word' id='word_1_79' title='bbox 1372 1301 1435 1350; x_wconf 91' lang='lat' dir='ltr'>ad</span> <span class='ocrx_word' id='word_1_80' title='bbox 1469 1311 1687 1349; x_wconf 84' lang='lat' dir='ltr'>sanctum</span> <span class='ocrx_word' id='word_1_81' title='bbox 1718 1316 1767 1347; x_wconf 90' lang='lat' dir='ltr'>se</span> 
     </span>
     <span class='ocr_line' id='line_1_13' title="bbox 355 1375 1770 1446; baseline -0.001 -21"><span class='ocrx_word' id='word_1_82' title='bbox 355 1378 502 1427; x_wconf 83' lang='lat' dir='ltr'>altare</span> <span class='ocrx_word' id='word_1_83' title='bbox 533 1380 644 1428; x_wconf 93' lang='lat' dir='ltr'>duci</span> <span class='ocrx_word' id='word_1_84' title='bbox 675 1381 890 1446; x_wconf 88' lang='lat' dir='ltr'>deposcit</span> <span class='ocrx_word' id='word_1_85' title='bbox 910 1399 922 1429; x_wconf 72' lang='grc' dir='ltr'><strong><em>ε</em></strong></span> <span class='ocrx_word' id='word_1_86' title='bbox 949 1390 1208 1445; x_wconf 87' lang='lat' dir='ltr'>antequam</span> <span class='ocrx_word' id='word_1_87' title='bbox 1229 1381 1332 1428; x_wconf 92' lang='lat' dir='ltr'>solo</span> <span class='ocrx_word' id='word_1_88' title='bbox 1355 1375 1590 1446; x_wconf 85' lang='lat' dir='ltr'>prostrata</span> <span class='ocrx_word' id='word_1_89' title='bbox 1609 1378 1770 1425; x_wconf 86' lang='lat' dir='ltr'>fuisset</span> 
     </span>
     <span class='ocr_line' id='line_1_14' title="bbox 355 1454 1768 1523; baseline -0.002 -19"><span class='ocrx_word' id='word_1_90' title='bbox 355 1467 402 1504; x_wconf 95' lang='lat' dir='ltr'>et</span> <span class='ocrx_word' id='word_1_91' title='bbox 424 1467 599 1506; x_wconf 86' lang='lat' dir='ltr'>attente</span> <span class='ocrx_word' id='word_1_92' title='bbox 620 1459 815 1506; x_wconf 88' lang='lat' dir='ltr'>Domini</span> <span class='ocrx_word' id='word_1_93' title='bbox 835 1458 1208 1506; x_wconf 89' lang='lat' dir='ltr'>misericordiam</span> <span class='ocrx_word' id='word_1_94' title='bbox 1221 1457 1570 1523; x_wconf 87' lang='lat' dir='ltr'>deprecaretur,</span> <span class='ocrx_word' id='word_1_95' title='bbox 1586 1454 1768 1503; x_wconf 88' lang='lat' dir='ltr'>restric-</span> 
     </span>
     <span class='ocr_line' id='line_1_15' title="bbox 356 1533 1764 1603; baseline -0.001 -22"><span class='ocrx_word' id='word_1_96' title='bbox 356 1535 415 1582; x_wconf 89' lang='lat' dir='ltr'>tis</span> <span class='ocrx_word' id='word_1_97' title='bbox 437 1535 673 1601; x_wconf 86' lang='lat' dir='ltr'>lacrymis,</span> <span class='ocrx_word' id='word_1_98' title='bbox 694 1538 904 1602; x_wconf 88' lang='lat' dir='ltr'>purgatis</span> <span class='ocrx_word' id='word_1_99' title='bbox 923 1537 1210 1603; x_wconf 87' lang='lat' dir='ltr'>lippitudine</span> <span class='ocrx_word' id='word_1_100' title='bbox 1226 1536 1392 1598; x_wconf 86' lang='lat' dir='ltr'>oculis,</span> <span class='ocrx_word' id='word_1_101' title='bbox 1425 1536 1530 1583; x_wconf 86' lang='lat' dir='ltr'>laeta</span> <span class='ocrx_word' id='word_1_102' title='bbox 1550 1533 1764 1582; x_wconf 83' lang='lat' dir='ltr'>surrexit.</span> 
     </span>
     <span class='ocr_line' id='line_1_16' title="bbox 357 1614 1448 1680; baseline 0.002 -21"><span class='ocrx_word' id='word_1_103' title='bbox 357 1615 489 1661; x_wconf 91' lang='lat' dir='ltr'>Tunc</span> <span class='ocrx_word' id='word_1_104' title='bbox 511 1625 645 1680; x_wconf 90' lang='lat' dir='ltr'>patre</span> <span class='ocrx_word' id='word_1_105' title='bbox 668 1615 901 1678; x_wconf 85' lang='lat' dir='ltr'>gaudente</span> <span class='ocrx_word' id='word_1_106' title='bbox 923 1615 1056 1662; x_wconf 92' lang='lat' dir='ltr'>domi</span> <span class='ocrx_word' id='word_1_107' title='bbox 1079 1614 1295 1662; x_wconf 87' lang='lat' dir='ltr'>redditur</span> <span class='ocrx_word' id='word_1_108' title='bbox 1317 1629 1448 1661; x_wconf 88' lang='lat' dir='ltr'>sana.</span> 
     </span>
    </p>
   </div>
   <div class='ocr_carea' id='block_1_6' title="bbox 865 1763 1253 1801">
    <p class='ocr_par' dir='ltr' id='par_1_6' title="bbox 865 1763 1253 1801">
     <span class='ocr_line' id='line_1_17' title="bbox 865 1763 1253 1801; baseline 0.003 -1"><span class='ocrx_word' id='word_1_109' title='bbox 865 1763 1020 1800; x_wconf 81' lang='lat' dir='ltr'><strong>CAPUT</strong></span> <span class='ocrx_word' id='word_1_110' title='bbox 1040 1763 1253 1801; x_wconf 87' lang='lat' dir='ltr'>XXXVIII.</span> 
     </span>
    </p>
   </div>
   <div class='ocr_carea' id='block_1_7' title="bbox 887 1857 1237 1894">
    <p class='ocr_par' dir='ltr' id='par_1_7' title="bbox 887 1857 1237 1894">
     <span class='ocr_line' id='line_1_18' title="bbox 887 1857 1237 1894; baseline 0.003 -1"><span class='ocrx_word' id='word_1_111' title='bbox 887 1859 940 1893; x_wconf 84' lang='lat' dir='ltr'>De</span> <span class='ocrx_word' id='word_1_112' title='bbox 955 1857 1025 1893; x_wconf 86' lang='lat' dir='ltr'>alio</span> <span class='ocrx_word' id='word_1_113' title='bbox 1041 1865 1237 1894; x_wconf 86' lang='lat' dir='ltr'>contracto.</span> 
     </span>
    </p>
   </div>
   <div class='ocr_carea' id='block_1_8' title="bbox 358 1947 1775 2711">
    <p class='ocr_par' dir='ltr' id='par_1_8' title="bbox 358 1947 1775 2711">
     <span class='ocr_line' id='line_1_19' title="bbox 425 1947 1773 2014; baseline 0 -21"><span class='ocrx_word' id='word_1_114' title='bbox 425 1947 554 1994; x_wconf 88' lang='lat' dir='ltr'>Alius</span> <span class='ocrx_word' id='word_1_115' title='bbox 589 1947 786 2011; x_wconf 87' lang='lat' dir='ltr'>quidam</span> <span class='ocrx_word' id='word_1_116' title='bbox 818 1949 1046 2014; x_wconf 89' lang='lat' dir='ltr'>puerulus</span> <span class='ocrx_word' id='word_1_117' title='bbox 1075 1948 1301 2014; x_wconf 87' lang='lat' dir='ltr'>parvulus</span> <span class='ocrx_word' id='word_1_118' title='bbox 1320 1986 1334 2010; x_wconf 91' lang='lat'>,</span> <span class='ocrx_word' id='word_1_119' title='bbox 1370 1947 1520 2011; x_wconf 89' lang='lat' dir='ltr'>-cujus</span> <span class='ocrx_word' id='word_1_120' title='bbox 1554 1955 1773 2011; x_wconf 88' lang='lat' dir='ltr'>parentes</span> 
     </span>
     <span class='ocr_line' id='line_1_20' title="bbox 360 2023 1773 2091; baseline -0.001 -20"><span class='ocrx_word' id='word_1_121' title='bbox 360 2023 492 2071; x_wconf 85' lang='lat' dir='ltr'>haud</span> <span class='ocrx_word' id='word_1_122' title='bbox 525 2025 695 2089; x_wconf 89' lang='lat' dir='ltr'>procul</span> <span class='ocrx_word' id='word_1_123' title='bbox 728 2025 789 2073; x_wconf 87' lang='lat' dir='ltr'>ab</span> <span class='ocrx_word' id='word_1_124' title='bbox 824 2027 929 2091; x_wconf 90' lang='lat' dir='ltr'>ipsa</span> <span class='ocrx_word' id='word_1_125' title='bbox 959 2026 1155 2074; x_wconf 87' lang='lat' dir='ltr'>basilica</span> <span class='ocrx_word' id='word_1_126' title='bbox 1187 2024 1582 2085; x_wconf 88' lang='lat' dir='ltr'>commanebant,</span> <span class='ocrx_word' id='word_1_127' title='bbox 1615 2024 1665 2071; x_wconf 91' lang='lat' dir='ltr'>in</span> <span class='ocrx_word' id='word_1_128' title='bbox 1701 2040 1773 2071; x_wconf 92' lang='lat' dir='ltr'>se-</span> 
     </span>
     <span class='ocr_line' id='line_1_21' title="bbox 362 2101 1774 2161; baseline -0.001 -12"><span class='ocrx_word' id='word_1_129' title='bbox 362 2102 523 2150; x_wconf 91' lang='lat' dir='ltr'>cundo</span> <span class='ocrx_word' id='word_1_130' title='bbox 552 2113 683 2151; x_wconf 90' lang='lat' dir='ltr'>ortus</span> <span class='ocrx_word' id='word_1_131' title='bbox 707 2105 780 2151; x_wconf 91' lang='lat' dir='ltr'>sui</span> <span class='ocrx_word' id='word_1_132' title='bbox 807 2120 936 2152; x_wconf 90' lang='lat' dir='ltr'>anno</span> <span class='ocrx_word' id='word_1_133' title='bbox 960 2104 1187 2152; x_wconf 88' lang='lat' dir='ltr'>membris</span> <span class='ocrx_word' id='word_1_134' title='bbox 1212 2104 1323 2151; x_wconf 87' lang='lat' dir='ltr'>totis</span> <span class='ocrx_word' id='word_1_135' title='bbox 1350 2110 1619 2150; x_wconf 86' lang='lat' dir='ltr'>contractus</span> <span class='ocrx_word' id='word_1_136' title='bbox 1635 2138 1648 2161; x_wconf 90' lang='lat'>‚</span> <span class='ocrx_word' id='word_1_137' title='bbox 1672 2101 1774 2148; x_wconf 88' lang='lat' dir='ltr'>sine</span> 
     </span>
     <span class='ocr_line' id='line_1_22' title="bbox 361 2181 1775 2246; baseline -0.002 -18"><span class='ocrx_word' id='word_1_138' title='bbox 361 2198 443 2246; x_wconf 91' lang='lat' dir='ltr'>spe</span> <span class='ocrx_word' id='word_1_139' title='bbox 466 2181 662 2245; x_wconf 90' lang='lat' dir='ltr'>alicujus</span> <span class='ocrx_word' id='word_1_140' title='bbox 678 2181 798 2229; x_wconf 92' lang='lat' dir='ltr'>boni</span> <span class='ocrx_word' id='word_1_141' title='bbox 819 2183 1132 2231; x_wconf 86' lang='lat' dir='ltr'>nutriebatur.</span> <span class='ocrx_word' id='word_1_142' title='bbox 1159 2183 1251 2241; x_wconf 92' lang='lat' dir='ltr'>Qui</span> <span class='ocrx_word' id='word_1_143' title='bbox 1281 2183 1347 2228; x_wconf 88' lang='lat' dir='ltr'>ita</span> <span class='ocrx_word' id='word_1_144' title='bbox 1379 2189 1648 2229; x_wconf 88' lang='lat' dir='ltr'>contractus</span> <span class='ocrx_word' id='word_1_145' title='bbox 1675 2188 1775 2227; x_wconf 86' lang='lat' dir='ltr'>erat</span> 
     </span>
     <span class='ocr_line' id='line_1_23' title="bbox 362 2259 1768 2326; baseline -0.003 -21"><span class='ocrx_word' id='word_1_146' title='bbox 362 2268 414 2306; x_wconf 90' lang='lat' dir='ltr'>ut</span> <span class='ocrx_word' id='word_1_147' title='bbox 443 2275 598 2323; x_wconf 86' lang='lat' dir='ltr'>genua</span> <span class='ocrx_word' id='word_1_148' title='bbox 622 2259 684 2307; x_wconf 90' lang='lat' dir='ltr'>ab</span> <span class='ocrx_word' id='word_1_149' title='bbox 718 2260 818 2324; x_wconf 90' lang='lat' dir='ltr'>ejus</span> <span class='ocrx_word' id='word_1_150' title='bbox 851 2277 934 2308; x_wconf 90' lang='lat' dir='ltr'>ore</span> <span class='ocrx_word' id='word_1_151' title='bbox 969 2262 1158 2326; x_wconf 89' lang='lat' dir='ltr'>penitus</span> <span class='ocrx_word' id='word_1_152' title='bbox 1190 2259 1396 2325; x_wconf 90' lang='lat' dir='ltr'>separari</span> <span class='ocrx_word' id='word_1_153' title='bbox 1428 2275 1529 2306; x_wconf 90' lang='lat' dir='ltr'>non</span> <span class='ocrx_word' id='word_1_154' title='bbox 1561 2265 1768 2322; x_wconf 88' lang='lat' dir='ltr'>possent.</span> 
     </span>
     <span class='ocr_line' id='line_1_24' title="bbox 361 2331 1775 2402; baseline -0.002 -19"><span class='ocrx_word' id='word_1_155' title='bbox 361 2336 506 2400; x_wconf 91' lang='lat' dir='ltr'>Cujus</span> <span class='ocrx_word' id='word_1_156' title='bbox 535 2348 754 2402; x_wconf 88' lang='lat' dir='ltr'>parentes</span> <span class='ocrx_word' id='word_1_157' title='bbox 768 2376 781 2400; x_wconf 90' lang='lat'>,</span> <span class='ocrx_word' id='word_1_158' title='bbox 803 2356 915 2386; x_wconf 90' lang='lat' dir='ltr'>cum</span> <span class='ocrx_word' id='word_1_159' title='bbox 934 2339 997 2387; x_wconf 94' lang='lat' dir='ltr'>ad</span> <span class='ocrx_word' id='word_1_160' title='bbox 1014 2348 1226 2387; x_wconf 91' lang='lat' dir='ltr'>sanctam</span> <span class='ocrx_word' id='word_1_161' title='bbox 1242 2337 1486 2384; x_wconf 84' lang='lat' dir='ltr'>basilicam</span> <span class='ocrx_word' id='word_1_162' title='bbox 1506 2331 1775 2397; x_wconf 82' lang='lat' dir='ltr'>vigilassent</span> 
     </span>
     <span class='ocr_line' id='line_1_25' title="bbox 362 2410 1775 2479; baseline -0.003 -19"><span class='ocrx_word' id='word_1_163' title='bbox 362 2424 408 2460; x_wconf 90' lang='lat' dir='ltr'>et</span> <span class='ocrx_word' id='word_1_164' title='bbox 428 2415 694 2479; x_wconf 89' lang='lat' dir='ltr'>projectum</span> <span class='ocrx_word' id='word_1_165' title='bbox 716 2416 1002 2464; x_wconf 85' lang='lat' dir='ltr'>infantulum</span> <span class='ocrx_word' id='word_1_166' title='bbox 1034 2433 1197 2464; x_wconf 91' lang='lat' dir='ltr'>coram</span> <span class='ocrx_word' id='word_1_167' title='bbox 1230 2412 1539 2462; x_wconf 90' lang='lat' dir='ltr'>sacrosanctis</span> <span class='ocrx_word' id='word_1_168' title='bbox 1565 2410 1775 2474; x_wconf 91' lang='lat' dir='ltr'>reliquiis</span> 
     </span>
     <span class='ocr_line' id='line_1_26' title="bbox 361 2488 1773 2560; baseline -0.001 -23"><span class='ocrx_word' id='word_1_169' title='bbox 361 2490 670 2555; x_wconf 87' lang='lat' dir='ltr'>dimisissent,</span> <span class='ocrx_word' id='word_1_170' title='bbox 706 2504 816 2559; x_wconf 90' lang='lat' dir='ltr'>post</span> <span class='ocrx_word' id='word_1_171' title='bbox 847 2495 1095 2560; x_wconf 84' lang='lat' dir='ltr'>paululum</span> <span class='ocrx_word' id='word_1_172' title='bbox 1116 2493 1359 2558; x_wconf 89' lang='lat' dir='ltr'>reperiunt</span> <span class='ocrx_word' id='word_1_173' title='bbox 1386 2508 1499 2539; x_wconf 91' lang='lat' dir='ltr'>eum</span> <span class='ocrx_word' id='word_1_174' title='bbox 1528 2488 1773 2536; x_wconf 88' lang='lat' dir='ltr'>sedentem</span> 
     </span>
     <span class='ocr_line' id='line_1_27' title="bbox 361 2566 1774 2630; baseline -0.001 -16"><span class='ocrx_word' id='word_1_175' title='bbox 361 2569 587 2617; x_wconf 89' lang='lat' dir='ltr'>membris</span> <span class='ocrx_word' id='word_1_176' title='bbox 620 2572 845 2619; x_wconf 90' lang='lat' dir='ltr'>omnibus</span> <span class='ocrx_word' id='word_1_177' title='bbox 875 2588 975 2619; x_wconf 91' lang='lat' dir='ltr'>esse</span> <span class='ocrx_word' id='word_1_178' title='bbox 1008 2571 1256 2619; x_wconf 88' lang='lat' dir='ltr'>directum.</span> <span class='ocrx_word' id='word_1_179' title='bbox 1286 2569 1495 2630; x_wconf 88' lang='lat' dir='ltr'>Dehinc,</span> <span class='ocrx_word' id='word_1_180' title='bbox 1534 2566 1637 2614; x_wconf 88' lang='lat' dir='ltr'>susa</span> <span class='ocrx_word' id='word_1_181' title='bbox 1668 2581 1774 2613; x_wconf 86' lang='lat' dir='ltr'>ora-</span> 
     </span>
     <span class='ocr_line' id='line_1_28' title="bbox 358 2646 1623 2711; baseline -0.002 -19"><span class='ocrx_word' id='word_1_182' title='bbox 358 2646 513 2710; x_wconf 90' lang='lat' dir='ltr'>tione,</span> <span class='ocrx_word' id='word_1_183' title='bbox 541 2650 799 2711; x_wconf 85' lang='lat' dir='ltr'>gaudentes</span> <span class='ocrx_word' id='word_1_184' title='bbox 819 2649 882 2698; x_wconf 92' lang='lat' dir='ltr'>ad</span> <span class='ocrx_word' id='word_1_185' title='bbox 904 2649 1104 2696; x_wconf 91' lang='lat' dir='ltr'>domum</span> <span class='ocrx_word' id='word_1_186' title='bbox 1125 2665 1260 2696; x_wconf 88' lang='lat' dir='ltr'>suam</span> <span class='ocrx_word' id='word_1_187' title='bbox 1281 2646 1478 2711; x_wconf 88' lang='lat' dir='ltr'>regressi</span> <span class='ocrx_word' id='word_1_188' title='bbox 1498 2653 1623 2691; x_wconf 90' lang='lat' dir='ltr'>sunt.</span> 
     </span>
    </p>
   </div>
   <div class='ocr_carea' id='block_1_9' title="bbox 409 2834 1766 2890">
    <p class='ocr_par' dir='ltr' id='par_1_9' title="bbox 409 2834 1766 2890">
     <span class='ocr_line' id='line_1_29' title="bbox 409 2834 1766 2890; baseline -0.004 -16"><span class='ocrx_word' id='word_1_189' title='bbox 409 2839 464 2885; x_wconf 77' lang='lat'>(1)</span> <span class='ocrx_word' id='word_1_190' title='bbox 481 2839 572 2876; x_wconf 86' lang='lat' dir='ltr'>Mss.</span> <span class='ocrx_word' id='word_1_191' title='bbox 590 2837 762 2890; x_wconf 86' lang='lat' dir='ltr'>plerique</span> <span class='ocrx_word' id='word_1_192' title='bbox 777 2838 890 2886; x_wconf 87' lang='lat' dir='ltr'>(inter</span> <span class='ocrx_word' id='word_1_193' title='bbox 898 2850 994 2888; x_wconf 90' lang='lat' dir='ltr'>quos</span> <span class='ocrx_word' id='word_1_194' title='bbox 1010 2837 1114 2874; x_wconf 74' lang='lat'><strong>2204</strong></span> <span class='ocrx_word' id='word_1_195' title='bbox 1133 2843 1170 2873; x_wconf 89' lang='lat' dir='ltr'>et</span> <span class='ocrx_word' id='word_1_196' title='bbox 1190 2837 1323 2884; x_wconf 73' lang='lat'>2205),</span> <span class='ocrx_word' id='word_1_197' title='bbox 1350 2837 1409 2872; x_wconf 88' lang='lat' dir='ltr'>De</span> <span class='ocrx_word' id='word_1_198' title='bbox 1429 2847 1519 2872; x_wconf 81' lang='lat' dir='ltr'>caeco</span> <span class='ocrx_word' id='word_1_199' title='bbox 1542 2834 1766 2870; x_wconf 79' lang='lat' dir='ltr'>illuminato.</span> 
     </span>
    </p>
   </div>
  </div>
 </body>
</html>
