2002 3418
299 301 374 337 216
701 301 767 337 DE
794 301 980 337 GLORIA
1009 300 1305 337 MARTYRUM.

297 387 419 435 illius
446 389 710 449 sacerdote,
736 389 892 454 ipsum
914 387 1208 435 sacerdotem
1238 388 1484 436 mandaret
1509 390 1701 438 institui.

224 515 228 518 Δ
295 466 389 514 Sed
417 482 506 512 nec
533 465 995 532 archipresbyterum
1026 465 1228 530 amplius
1265 465 1438 530 inquiri
1473 466 1623 530 jussit.
1664 470 1707 515 Ο

295 560 468 607 magna
503 545 649 592 virtus
678 544 918 608 martyris,
941 559 1044 607 quae
1074 559 1160 608 per
1190 542 1456 590 innocentis
1489 543 1707 607 injuriam

296 623 491 669 noxium
522 621 723 669 absolvit
755 638 783 669 a
808 619 974 687 poena!
1003 620 1345 688 impletumque
1365 630 1434 667 est
1459 621 1576 668 illud
1597 638 1708 687 apo-

296 701 427 759 stoli,
464 701 578 765 quia
609 699 907 766 diligentibus
938 704 1091 746 Deum
1125 702 1286 746 omnia
1314 711 1626 765 cooperantur
1657 702 1709 747 in

294 776 465 825 bonam
487 781 516 839 ¹,
551 795 663 826 cum
700 778 800 826 haec
839 778 1009 842 injuria
1047 778 1245 841 gradum
1270 777 1384 824 huic
1421 779 1704 838 construxit,

295 873 440 921 quem
464 857 711 905 scanderet
735 856 797 904 ad
825 856 1080 919 regendam
1109 856 1354 904 ecclesiam
1378 857 1481 903 Dei.

829 1006 986 1043 CAPUT
1011 1007 1177 1043 LXXIX.

426 1101 478 1135 De
498 1099 678 1135 miraculis
693 1100 787 1135 beati
804 1098 956 1135 Andreae
973 1100 1128 1148 apostoli
1143 1099 1181 1135 in
1195 1099 1339 1136 ecclesia
1353 1100 1577 1147 Agathensi⁹.

363 1191 571 1239 Ecclesia
602 1207 795 1256 quoque
830 1191 1101 1254 Agathensis
1129 1191 1284 1252 urbis,
1314 1208 1418 1256 quae
1450 1193 1599 1240 sancti
1621 1195 1712 1240 An-

299 1270 420 1318 dreae
454 1269 658 1335 apostoli
692 1269 900 1334 reliquiis
934 1269 1117 1335 plaudit
1132 1307 1144 1330 ,
1184 1270 1463 1335 plerumque
1501 1269 1712 1333 gloriosis

226 1370 227 1373 ¹
298 1348 554 1396 illustratur
573 1347 834 1406 miraculis,
862 1364 1137 1413 pervasores
1154 1364 1314 1396 rerum
1334 1363 1527 1395 suarum
1546 1349 1712 1413 saepius

297 1426 466 1488 arguit.
491 1426 725 1490 Denique,
747 1441 858 1472 cum
880 1425 1247 1472 Gomacharius⁸
1265 1435 1421 1472 comes
1442 1441 1609 1488 agrum
1631 1441 1713 1471 ec-

295 1504 446 1550 clesiae
475 1503 621 1568 ipsius
643 1503 947 1568 pervaderet,
988 1513 1103 1550 tunc
1139 1506 1253 1563 Leo,
1291 1504 1540 1568 episcopus
1571 1502 1712 1566 hujus

295 1581 520 1639 ecclesiae,
539 1580 676 1628 valde
693 1590 887 1629 moestus
897 1581 1135 1628 concurrit
1154 1581 1216 1628 ad
1237 1597 1365 1640 eum,
1383 1580 1544 1627 dicens
1564 1597 1575 1625 ε
1594 1599 1615 1623 κ
1630 1581 1713 1626 Re-

294 1658 456 1722 linque
473 1694 486 1716 ,
513 1674 544 1704 o
571 1658 662 1719 fili,
690 1675 764 1706 res
787 1675 1051 1724 pauperum
1077 1674 1194 1721 quas
1222 1658 1511 1705 ordinationi
1540 1666 1711 1704 nostra?-

294 1736 529 1783 Dominus
559 1737 935 1796 commendavit,
963 1753 1023 1784 ne
1052 1736 1138 1783 tibi
1167 1737 1228 1783 sit
1251 1736 1476 1793 noxium,
1510 1743 1558 1781 et
1583 1750 1613 1782 a
1642 1734 1710 1782 la-

294 1814 467 1877 crymis
489 1815 751 1877 egentium,
780 1815 863 1879 qui
892 1814 952 1862 de
981 1814 1209 1862 fructibus
1228 1814 1328 1877 ejus
1358 1813 1419 1860 ali
1453 1827 1710 1859 consueve-

293 1900 416 1950 rant,
443 1892 669 1939 eneceris.
691 1911 714 1936 »
743 1892 825 1939 Ille
847 1909 979 1951 vero,
1006 1894 1118 1957 quia
1138 1901 1238 1940 erat
1259 1891 1526 1948 haereticus,
1554 1890 1710 1955 parvi-

293 1967 508 2031 pendens
538 1967 597 2015 de
616 1968 691 2016 his
709 1986 814 2033 quae
847 1968 908 2016 ab
939 1970 1166 2034 episcopo
1201 1966 1507 2024 dicebantur,
1529 1982 1630 2013 rem
1660 1967 1708 2013 in

293 2061 378 2092 sua
409 2045 735 2094 dominatione
763 2048 971 2094 retinuit.
1014 2047 1204 2094 Interim
1220 2081 1232 2105 ‚
1274 2034 1562 2110 procedente
1596 2044 1672 2092 die
1692 2082 1704 2105 ,

292 2123 514 2188 arripitur
529 2140 558 2172 a
580 2123 728 2186 febre,
754 2141 960 2189 cumque
983 2141 1082 2172 non
1101 2124 1248 2171 modo
1268 2123 1437 2171 ardore
1455 2138 1703 2187 corporeo,

291 2216 458 2247 verum
489 2201 632 2249 etiam
661 2203 831 2250 animae
858 2212 1106 2250 vexaretur
1135 2199 1462 2260 incommodO,
1494 2199 1620 2246 misit
1647 2199 1709 2247 ad

290 2278 569 2343 episcopum
586 2281 802 2336 nuntios,
824 2280 987 2327 dicens
1013 2297 1062 2325 :«
1076 2279 1305 2342 Dignetur
1334 2293 1422 2342 pro
1452 2293 1529 2324 me
1551 2292 1707 2334 sacer-

292 2354 379 2401 dos
401 2357 669 2404 orationem
691 2357 754 2405 ad
775 2358 1038 2404 Dominum
1060 2355 1275 2415 fundere,
1301 2365 1348 2402 et
1368 2370 1457 2417 ego
1475 2353 1708 2401 dimittam

290 2446 456 2493 agrum
473 2434 624 2498 ejus.»
645 2437 754 2493 Quo
779 2444 960 2495 orante,
983 2434 1064 2481 hic
1078 2449 1107 2480 a
1133 2432 1402 2480 valetudine
1432 2448 1528 2496 qua
1545 2446 1707 2495 grava-

289 2507 430 2556 batur
462 2514 729 2571 convaluit,
765 2512 1008 2577 factusque
1045 2527 1210 2572 sanus,
1249 2512 1315 2559 ait
1351 2512 1447 2559 suis
1483 2528 1493 2556 :
1538 2508 1707 2568 «Quid

297 2612 367 2621 ⁵-—

344 2672 400 2720 (1)
418 2674 534 2712 Rom.
549 2686 644 2721 vm,
664 2675 730 2712 28.

345 2735 400 2781 (2)
418 2736 475 2771 De
493 2738 650 2772 ecclesia
672 2738 879 2787 Agatense‚
902 2738 1020 2774 2205.
1081 2728 1087 2732 Ι

345 2796 401 2844 (3)
418 2795 511 2834 cod.
534 2796 654 2834 Laud.
669 2826 679 2844 ,
703 2798 986 2839 Comaclmrius.
1010 2801 1087 2848 (R.)
