2002 3418
333 326 383 364 24
733 330 800 367 DE
829 329 1016 369 GLORIA
1048 332 1329 370 MARTYRUM
1335 360 1343 370 .

902 454 1059 491 CAPUT
1082 456 1170 492 VII.

634 539 688 573 De
701 539 844 586 lancea,
858 551 994 575 corona
1013 539 1135 586 spinea
1145 567 1154 583 ,
1173 547 1208 574 et
1223 539 1390 574 columna
1412 540 1437 574 ¹.

390 624 463 670 De
480 622 647 670 lancea
665 639 781 670 vero
793 660 807 685 ,
831 622 1068 671 arundine
1078 625 1109 685 ¹,
1131 624 1331 689 spongia
1344 660 1356 684 ,
1382 639 1565 671 corona
1583 624 1748 689 spinea

327 710 374 749 et
394 702 647 764 columna,
672 702 735 750 ad
760 719 906 766 quam
927 703 1202 751 verberatus
1233 714 1303 751 est
1323 704 1558 751 Dominus
1580 713 1628 751 et
1657 707 1748 752 Re-

325 771 517 827 demtor
548 780 914 846 Hierosolymis,
953 782 1229 829 dicendum.
1268 781 1339 829 Ad
1369 781 1496 829 hanc
1526 798 1642 830 vero
1671 799 1751 830 co-

325 858 543 907 lumnam
563 860 701 906 multi
725 859 820 907 fide
838 861 969 925 pleni
993 860 1293 922 accedentes,
1325 861 1550 924 corrigias
1569 861 1750 909 textiles

324 935 527 998 faciunt,
553 953 755 1002 eamque
779 939 1078 986 circumdant
1104 957 1116 985 :
1139 955 1258 1002 quas
1280 956 1470 986 rursum
1491 956 1580 1004 pro
1603 938 1750 987 bene-

325 1013 538 1061 dictione
561 1015 816 1079 recipiunt,
844 1016 1040 1063 diversis
1069 1016 1424 1064 infirmitatibus
1453 1017 1742 1082 profuturas.

390 1093 565 1139 Ferunt
587 1093 731 1139 etiam
752 1093 878 1158 ipsas
906 1109 1098 1140 coronae
1125 1104 1279 1141 sentes
1305 1094 1441 1158 quasi
1461 1093 1639 1142 virides
1662 1111 1747 1160 ap-

323 1184 489 1233 parere
523 1186 536 1215 ε
564 1186 670 1233 quae
697 1180 859 1218 tamen
880 1171 919 1218 si
940 1169 1192 1218 videantur
1215 1171 1392 1219 aruisse
1413 1170 1536 1218 foliis
1550 1207 1564 1233 ,
1594 1172 1750 1237 quoti-

322 1246 401 1293 die
424 1255 586 1294 tamen
608 1248 890 1295 revirescere
907 1248 1080 1295 virtute
1103 1247 1283 1296 divina.

391 1324 556 1373 Prodit
575 1336 622 1374 et
644 1343 702 1374 ex
719 1337 1033 1375 monumento
1051 1343 1148 1390 quo
1166 1327 1476 1375 Dominicum
1483 1326 1633 1391 jacuit
1649 1344 1752 1375 cor-

321 1419 413 1467 pus
433 1403 555 1450 mira
583 1404 731 1450 virtus
749 1440 762 1465 ‚
795 1403 928 1467 quod
957 1404 1124 1469 saepius
1147 1414 1273 1452 terra
1304 1405 1509 1453 naturali
1539 1404 1750 1453 candore

322 1479 537 1527 radiante
561 1481 795 1545 repletur,
827 1491 875 1536 et
901 1481 1073 1528 exinde
1106 1482 1279 1529 iterum
1303 1481 1461 1530 ablata
1482 1499 1608 1547 aqua
1628 1499 1746 1530 con-

321 1557 575 1622 spergitur,
601 1558 661 1605 de
683 1574 779 1621 qua
806 1560 992 1606 tortulae
1013 1559 1221 1624 parvulae
1248 1559 1516 1607 formantur
1529 1597 1542 1622 ‚
1573 1577 1630 1608 ac
1663 1577 1751 1626 per

322 1634 530 1683 diversas
556 1635 727 1683 mundi
751 1646 909 1701 partes
930 1637 1315 1685 transmittuntur
1329 1675 1343 1700 ‚
1368 1637 1429 1685 de
1455 1637 1632 1702 quibus
1651 1637 1751 1704 ple-

321 1729 524 1777 rumque
544 1713 724 1760 infirmi
747 1714 969 1762 sanitates
987 1714 1233 1762 hauriunt.

389 1789 512 1837 Illud
533 1801 605 1838 est
623 1790 929 1857 tripudiabile
942 1829 955 1853 ‚
981 1792 1114 1856 quod
1141 1793 1392 1858 saepissime
1417 1809 1632 1841 accessus
1655 1810 1750 1841 ser-

322 1868 541 1933 pentium
559 1869 727 1916 vitant.
753 1869 848 1917 Sed
873 1870 991 1934 quid
1014 1887 1104 1934 ego
1127 1872 1405 1920 temerarius
1423 1871 1484 1919 de
1507 1872 1584 1919 his
1612 1872 1749 1936 loqui

322 1945 480 1994 audeo
493 1984 506 2008 ,
540 1964 653 1994 cum
680 1947 799 1995 fides
821 1948 1021 1996 retineat
1047 1959 1192 1998 omne
1221 1950 1354 2014 quod
1390 1960 1747 1999 sacrosanctum

323 2040 499 2090 corpus
519 2026 672 2089 attigit
691 2042 791 2074 esse
816 2019 1093 2074 sacratum?

891 2160 1046 2199 CAPUT
1069 2161 1176 2198 vm.

738 2226 791 2280 be
806 2245 928 2281 tunica
941 2245 1073 2281 Christi
1085 2245 1273 2282 inconsuta
1291 2247 1321 2282 ¹.

390 2331 461 2375 De
476 2330 638 2379 tunica
659 2346 774 2379 vero
789 2329 919 2378 beati
937 2332 1152 2397 corporis
1173 2348 1274 2379 non
1295 2341 1494 2380 consuta
1506 2369 1520 2394 ‚
1542 2330 1747 2397 desuper

321 2415 543 2456 contexta
566 2425 652 2473 per
669 2418 825 2456 totum
837 2445 850 2471 ,
872 2425 978 2472 quae
989 2409 1123 2472 juxta
1140 2409 1424 2457 Davidicum
1437 2411 1451 2434 ⁴
1467 2410 1746 2458 vaticinium

377 2587 433 2636 (1)
450 2589 510 2625 De
534 2589 667 2625 lancea
683 2596 722 2626 et
742 2589 884 2639 reliquo
906 2597 1098 2639 apparatu
1114 2588 1317 2626 Dominicae
1331 2591 1522 2638 passionis
1539 2591 1600 2626 vel
1613 2590 1663 2626 de
1681 2602 1744 2626 se-

320 2652 469 2700 pulcro,
489 2651 608 2688 2205.

379 2715 436 2762 (2)
464 2715 661 2759 Harundo,
680 2718 857 2766 spungia,
878 2715 999 2753 2204.

379 2777 432 2823 (3)
461 2778 519 2812 De
537 2780 665 2813 tunica
683 2778 873 2814 Dominici
890 2781 1069 2827 corporis,
1090 2779 1208 2828 2205.

379 2839 435 2887 (4)
467 2839 706 2888 Quodjuaeta
723 2843 905 2887 Βαυὶιὶεἰ,
926 2841 1045 2878 2204.
