2002 3418
408 312 430 347 6
714 321 717 323 “
805 314 871 350 DE
897 313 1084 353 GLORIA
1111 315 1403 354 MARTYRUM.

402 399 678 464 riorumcfue
708 412 1033 452 monstrorum
1070 404 1247 452 formas
1281 420 1519 469 exponam
1541 423 1553 451 t
1575 422 1675 454 non
1710 408 1818 455 reli-

403 492 606 540 quarum
641 478 910 528 fabularum
942 492 1237 542 commenta,
1272 497 1378 544 quae
1417 481 1496 528 hic
1532 493 1698 530 auctor
1736 495 1819 533 aut

402 553 537 602 finxit
558 557 835 619 mendacio,
859 569 942 605 aut
962 575 1101 605 versu
1123 558 1335 622 depinxit
1354 557 1551 605 heroico
1578 577 1589 604 ε
1615 560 1698 606 sed
1731 562 1819 609 ista

400 634 564 681 omnia
586 644 815 698 tanquam
836 652 977 700 super
996 637 1215 682 arenam¹
1235 635 1413 696 locata,
1446 646 1493 682 et
1521 637 1615 683 cito
1638 638 1819 687 ruitura

398 712 720 776 conspiciens,
746 714 809 760 ad
830 714 1003 760 Divina
1034 722 1080 759 et
1104 712 1385 775 Evangelica
1411 714 1570 778 potius
1591 714 1819 764 miracula

395 799 702 837 revertamur.
743 791 881 838 Unde
917 793 940 837 J
945 790 1150 837 ohannis
1187 791 1484 854 Evangelista
1521 808 1714 841 exorsus
1747 804 1818 842 est

395 865 558 914 dicens
583 885 594 914 ε
622 870 683 914 In
712 869 952 932 principio
986 878 1093 914 erat
1128 866 1361 929 Verbum,
1398 879 1445 914 et
1478 868 1687 917 Verbum
1712 859 1822 918 erat

395 944 530 1009 apud
546 949 720 1006 Deum,
747 958 793 993 et
810 949 941 992 Deus
965 956 1073 992 erat
1105 944 1327 993 Verbum.
1356 949 1459 993 Hoc
1478 959 1589 995 erat
1607 949 1657 994 in
1671 950 1816 1012 prin-

394 1023 519 1086 cipio
536 1022 670 1087 apud
683 1027 856 1071 Deum.
882 1024 1060 1072 Omnia
1067 1039 1163 1087 per
1179 1025 1334 1087 ipsum
1350 1025 1487 1089 faeta
1501 1037 1630 1081 sunt,
1648 1036 1698 1072 et
1713 1027 1818 1072 sine

393 1101 497 1163 epse
526 1102 714 1165 sactum
745 1113 822 1149 est
851 1101 979 1149 nilu‘l
991 1104 1021 1148 ².
1062 1105 1119 1148 Et
1145 1100 1372 1167 deinceps
1391 1102 1457 1150 ait
1481 1119 1492 1148 ε
1514 1105 1579 1150 Et
1608 1102 1817 1150 Verbum

392 1194 507 1225 caro
523 1180 710 1243 factum
728 1191 800 1227 est
814 1217 826 1239 ‚
851 1191 898 1227 et
915 1178 1142 1227 habitavit
1161 1180 1212 1226 in
1230 1178 1362 1226 nobis
1382 1197 1398 1226 .·
1417 1191 1465 1226 et
1493 1178 1691 1247 ¹vidimus
1716 1179 1817 1246 glo-

391 1257 520 1303 riam
547 1255 668 1321 ejus,
689 1255 899 1321 gloriam
921 1258 1064 1322 quasi
1092 1258 1337 1322 Unz'genl'ti
1360 1273 1394 1302 a
1418 1259 1591 1318 Patre,
1613 1257 1817 1321 plenum

388 1334 551 1400 gratia
565 1344 616 1380 et
628 1335 822 1382 veritate
831 1336 862 1381 ⁸.
886 1334 1031 1392 Quod
1046 1344 1207 1382 autem
1226 1334 1277 1380 in
1295 1334 1537 1382 Bethleem
1551 1335 1817 1383 nasciturus

392 1421 515 1473 erat,
541 1411 606 1458 ita
627 1412 691 1459 ait
714 1412 952 1477 Propheta
970 1430 981 1458 :
1002 1415 1046 1459 E
1049 1425 1069 1460 t
1089 1425 1138 1460 tu
1154 1450 1166 1472 ‚
1188 1411 1429 1460 Bethleem
1447 1412 1664 1476 Eplzratu
1679 1450 1691 1472 ,
1720 1430 1817 1460 non

391 1505 443 1535 es
461 1490 662 1534 minima
685 1490 737 1534 in
760 1489 968 1536 millibus
994 1488 1139 1538 Iuda.
1172 1492 1251 1537 Ea:
1274 1501 1317 1536 te
1345 1491 1473 1536 em'm
1495 1489 1688 1553 prodiet
1714 1494 1816 1538 Rex

391 1567 478 1631 qui
497 1578 635 1632 regat
642 1566 877 1631 populum
897 1584 1055 1614 meum
1077 1567 1237 1614 Israel
1247 1568 1277 1613 ¹⁹.
1304 1569 1409 1614 Hoc
1426 1566 1557 1614 enim
1577 1577 1626 1614 et
1644 1568 1815 1616 Natha-

392 1644 500 1691 nael
516 1644 595 1691 ille
613 1660 642 1691 a
659 1646 791 1692 Cana
807 1645 1007 1692 Galssaeae
1026 1644 1143 1692 dixit
1166 1661 1177 1690 z
1198 1642 1367 1702 Rabbz',
1393 1656 1442 1692 tu
1463 1661 1515 1690 es
1534 1644 1688 1690 Filius
1703 1647 1811 1706 Dei,

393 1732 443 1768 cu
471 1738 523 1767 es
545 1724 649 1767 Rea·
669 1721 830 1768 Israel
842 1723 870 1767 ⁵.
905 1725 1010 1786 Ipse
1032 1731 1103 1768 est
1126 1731 1174 1768 et
1194 1721 1319 1768 salus
1340 1720 1536 1782 mundi,
1563 1721 1624 1768 de
1648 1737 1746 1784 quo
1768 1731 1816 1769 et

390 1798 469 1845 ille
490 1798 684 1846 Simeon
706 1801 771 1846 ait
793 1817 804 1845 z
828 1802 971 1847 Nune
987 1798 1205 1858 dimittis,
1228 1801 1449 1859 Domine,
1469 1815 1652 1847 servum
1681 1811 1814 1847 tuum

391 1878 443 1924 in
457 1895 594 1942 paee,
619 1880 734 1943 quia
757 1876 975 1925 viderunt
991 1877 1118 1924 oculi
1138 1879 1234 1924 mei
1251 1878 1465 1924 salutare
1487 1888 1621 1924 tuum
1637 1878 1667 1924 ⁶.

902 2012 1060 2049 CAPUT
1083 2012 1291 2049 PRIMUM.

555 2105 610 2140 De
622 2104 804 2140 nativitate
826 2104 972 2140 Domini
987 2104 1101 2140 nostri
1115 2105 1137 2140 J
1138 2117 1200 2139 esu
1214 2104 1347 2140 Christi
1364 2104 1402 2139 in
1417 2103 1597 2140 Bethleem
1608 2104 1638 2139 ⁷.

456 2198 577 2244 Nato
602 2213 716 2263 ergo
740 2199 953 2246 Domino
981 2208 1146 2246 nostro
1183 2201 1293 2245 Jesu
1323 2197 1508 2244 Christo
1546 2196 1812 2245 secundum

389 2290 584 2321 carnem
603 2276 652 2323 in
670 2277 911 2325 Bethleem
927 2275 1109 2343 oppido
1120 2276 1153 2337 ⁸,
1177 2276 1227 2322 in
1244 2274 1413 2322 diebus
1427 2274 1630 2322 Herodis
1644 2275 1765 2339 regis
1776 2276 1807 2336 ⁹,

441 2455 496 2504 (1)
514 2455 722 2503 haerenam,
751 2457 871 2494 2204.
901 2477 954 2485 —
974 2456 1028 2503 (2)
1046 2456 1159 2492 Joan.
1181 2467 1221 2502 1,
1242 2455 1282 2501 1,
1303 2455 1352 2502 2,
1381 2455 1419 2493 3.
1444 2475 1498 2482 —
1515 2455 1569 2502 (3)
1589 2452 1690 2492 Ibid.
1705 2482 1716 2500 ,
1740 2455 1807 2494 14.

440 2518 495 2566 (4)
514 2517 631 2556 Mich.
658 2532 697 2566 v,
724 2520 771 2566 23
790 2520 899 2557 Matt.
921 2531 968 2565 11,
991 2518 1040 2566 6;
1061 2519 1173 2555 Joan.
1196 2529 1280 2564 xx1,
1307 2518 1348 2556 2.

439 2581 495 2629 (5)
514 2583 626 2619 Joan.
648 2595 678 2628 1,
702 2583 767 2620 49.
795 2604 846 2611 —
866 2582 919 2630 (6)
936 2583 1032 2620 Luc.
1055 2594 1102 2628 11,
1122 2581 1190 2618 29.

441 2645 495 2691 (7)
513 2646 633 2681 Porro
664 2644 705 2682 in
735 2643 844 2683 Colb.
866 2646 952 2682 Tut.
984 2644 1120 2692 (2791)
1138 2643 1276 2681 desunt
1299 2641 1481 2680 undecim
1504 2640 1637 2693 priora
1656 2640 1804 2693 capita,

386 2705 517 2757 ibique
534 2705 632 2744 liber
648 2706 782 2758 incipit
804 2720 827 2745 a
850 2706 973 2758 capite
995 2719 1079 2745 xu;
1100 2708 1160 2743 De
1176 2715 1304 2743 sancto
1321 2707 1468 2742 Joanne
1485 2707 1679 2754 Baptista,
1701 2702 1807 2754 quod

385 2768 425 2807 in
444 2769 518 2807 isto
535 2769 668 2808 codice
686 2771 853 2821 primum
872 2769 1105 2821 appellatum
1125 2767 1241 2806 habet
1261 2776 1386 2806 tamen
1405 2767 1620 2819 prologum.
1640 2764 1732 2816 (R.)

440 2834 496 2882 (8)
507 2833 676 2871 Bethlem
693 2835 820 2884 opido,
835 2834 1069 2881 2204.—(9)
1081 2833 1181 2870 Ante
1189 2845 1303 2870 aeram
1313 2831 1419 2883 vulg.
1432 2843 1495 2869 an.
1511 2832 1552 2877 5,
1562 2830 1614 2868 25
1624 2828 1711 2867 dec.
1725 2830 1805 2878 (R.)
