2002 3418
404 354 481 391 382
711 357 776 393 DE
803 357 1072 397 MIRACULIS
1101 358 1273 397 SANCTI
1299 360 1508 398 JULIANI.

402 452 575 500 iterum
624 470 736 502 cum
789 455 1010 520 lacrymis
1062 458 1328 505 orationem
1369 458 1574 506 fundens
1621 461 1819 509 surrexit

387 530 656 579 .incolumis
672 569 685 594 ,
729 542 777 580 et
821 544 1066 599 acceptam
1104 536 1249 582 sensit
1295 535 1505 583 abeundi
1548 536 1723 584 habere
1768 555 1817 586 se

401 605 683 655 libertatem.
718 610 862 672 Igitur
896 621 1083 675 arrepto
1116 612 1282 659 itinere
1296 649 1308 673 ,
1345 612 1708 662 incandescente
1741 615 1812 661 ni-

402 684 553 732 mium
575 687 699 749 sole,
731 688 807 734 siti
838 689 1109 753 corripitur.
1138 690 1344 738 Veniens
1377 701 1537 738 autem
1568 691 1630 738 ad
1655 691 1817 739 villam

401 762 486 810 viae
508 765 798 828 proximam,
824 782 971 813 unam
988 768 1198 814 casulam
1218 768 1318 815 adit
1333 785 1508 833 aquam
1523 768 1813 834 deposcens:

401 839 461 887 de
495 858 591 906 qua
628 843 874 906 egrediens
901 844 1087 907 juvenis
1124 845 1238 893 dare
1274 863 1555 911 responsum
1571 884 1583 908 ,
1620 856 1675 893 ut
1707 863 1817 893 eum

398 918 534 978 vidit,
570 920 620 966 in
651 930 827 968 terram
861 922 1042 968 corruit
1068 922 1310 987 factusque
1340 934 1409 971 est
1434 924 1555 971 sicut
1581 933 1812 971 mortuus.

398 998 748 1045 Concurrentes
799 1007 959 1045 autem
1000 1010 1220 1064 parentes
1259 1002 1360 1065 ejus
1404 1000 1819 1048 calumniabantur

397 1074 698 1136 hominibus,
724 1085 982 1123 asserentes
1002 1087 1248 1141 parentem
1270 1095 1411 1125 suum
1434 1095 1603 1125 eorum
1625 1079 1817 1141 magicis

398 1150 579 1199 artibus
602 1152 741 1200 fuisse
765 1164 1092 1219 peremptum3
1122 1165 1185 1216 et,
1211 1156 1562 1221 apprehensum
1594 1174 1814 1222 puerum,

399 1229 704 1278 elevaverunt
753 1248 866 1278 eum
914 1233 1210 1279 semivivum.
1267 1237 1325 1281 At
1371 1233 1465 1280 ille.
1492 1233 1553 1281 de
1596 1234 1818 1300 manibus

398 1323 567 1355 eorum
588 1309 798 1374 elapsus,
824 1310 1057 1374 percussis
1080 1311 1250 1375 palmis
1266 1349 1278 1372 ,
1311 1311 1454 1376 coepit
1475 1301 1817 1365 debacchando

398 1385 604 1434 clamare
626 1387 702 1434 vel
725 1387 884 1435 dicere
906 1388 1040 1452 quod
1068 1389 1287 1453 martyris
1307 1389 1480 1436 Juliani
1507 1390 1676 1436 virtute
1707 1406 1818 1436 exu-

398 1474 595 1512 reretur.
646 1465 856 1513 Clericus
897 1482 1013 1513 vero
1059 1465 1160 1513 haec
1203 1466 1401 1514 audiens
1417 1504 1430 1528 ,
1481 1467 1635 1532 posita
1676 1461 1818 1532 super

398 1553 544 1608 caput
571 1543 672 1608 ejus
695 1544 888 1609 capsula
914 1560 1027 1590 cum
1053 1544 1333 1609 pignoribus
1360 1545 1532 1592 sanctis
1547 1582 1560 1606 ,
1595 1542 1690 1590 fide
1719 1543 1816 1608 ple-

398 1637 489 1667 nus
513 1637 649 1669 orare
679 1622 823 1686 coepit
845 1622 1068 1669 attentius
1095 1640 1106 1668 :
1135 1622 1235 1686 ipse
1265 1639 1475 1686 quoque,
1498 1638 1610 1668 cum
1631 1620 1816 1668 vomitu

399 1698 678 1760 sanguinem
707 1698 1092 1761 daemoniumque
1125 1697 1396 1763 projiciens,
1439 1706 1664 1762 purgatus
1697 1695 1815 1744 abs-

414 1776 567 1822 cessit.
607 1775 794 1821 Dehinc
829 1774 1042 1822 firmatus
1076 1774 1126 1820 in
1161 1773 1256 1821 fide
1287 1774 1508 1839 portitor,
1541 1775 1629 1821 iter
1658 1783 1814 1821 totum

399 1870 512 1900 cum
535 1853 729 1919 psalmis
752 1863 798 1900 et
821 1854 1077 1918 gratiarum
1107 1853 1375 1900 actionibus
1406 1869 1604 1918 carpens
1639 1853 1702 1901 ad
1737 1854 1814 1901 lo-

399 1947 511 1978 cum
543 1941 858 1997 praeoptatum
875 1969 888 1992 ,
927 1941 1133 1994 martyre
1167 1931 1371 1978 ducente
1389 1969 1402 1993 ,
1439 1931 1670 1999 pervenit.
1692 1934 1815 1991 ‚Jam

399 2010 598 2072 exinde,
623 2020 838 2075 tempore
861 2010 1174 2075 procedente,
1206 2010 1372 2074 quanti
1390 2008 1456 2056 ibi
1478 2009 1810 2073 energumeni,

400 2087 670 2151 frigoritici,
703 2087 779 2134 vel
800 2087 995 2134 diversis
1017 2086 1200 2135 morbis
1225 2075 1455 2152 oppressi,
1481 2088 1697 2152 martyris
1718 2088 1812 2135 vir-

399 2175 498 2213 tute
521 2167 671 2213 sanati
693 2174 825 2226 sunt,
858 2181 947 2213 nec
980 2165 1179 2212 nomina
1210 2165 1428 2226 retineri,
1467 2181 1556 2214 nec
1588 2181 1814 2213 numerus

399 2244 556 2307 potuit
578 2243 751 2307 colligi.

959 2347 1114 2382 CAPUT
1137 2347 1250 2384 XLV.

494 2442 548 2476 De
561 2453 674 2489 puero
688 2440 735 2476 ad
754 2440 884 2476 ariolos
900 2440 1009 2476 ducto
1020 2468 1030 2484 ‚
1049 2449 1083 2476 et
1100 2441 1170 2476 alio
1183 2454 1248 2489 per
1261 2441 1426 2477 virtutem
1441 2442 1552 2477 sancti
1566 2451 1701 2477 sanato.

469 2534 595 2579 Inter
612 2533 794 2597 reliqua
816 2549 931 2580 vero
955 2533 1157 2597 insignia
1178 2532 1589 2598 suscipiendorum
1612 2533 1813 2580 miracu-

400 2609 558 2656 lorum
596 2612 820 2675 ponimus
854 2620 901 2657 et
924 2611 1066 2671 istud,
1096 2610 1520 2675 quodinsipientes
1541 2611 1744 2674 corrigat
1767 2620 1814 2657 et

401 2685 595 2733 roboret
619 2688 868 2752 sapientes.
898 2687 1059 2749 Igitur,
1090 2687 1306 2734 Cautini¹
1341 2688 1550 2752 episcopi
1578 2697 1809 2753 tempore,

454 2857 510 2906 (1)
526 2853 587 2893 Ab
605 2868 707 2894 anno
727 2858 803 2894 555
821 2855 870 2893 ad
889 2857 965 2893 572
983 2854 1074 2895 circ.
