2002 3418
375 347 452 384 290
771 344 838 381 DE
866 343 1051 381 GLORIA
1082 343 1376 380 MARTYRUM.

373 432 590 480 acumine
614 429 890 495 transfigens
914 430 1107 478 oculum
1125 431 1239 493 ejus.
1266 433 1320 476 At
1336 430 1413 477 ille
1434 429 1651 478 dolorem
1674 447 1781 479 sen-

375 510 520 571 tiens,
545 509 745 556 extensis
774 508 986 555 celeriter
1008 507 1200 573 palmis,
1230 506 1413 554 vultum
1446 507 1782 571 periclitantem

373 603 484 634 cum
507 586 618 650 ipsis
642 585 820 648 obtegit
842 585 1007 646 oculis,
1027 584 1235 631 clamans
1250 600 1350 630 non
1366 583 1593 631 mediocri
1609 584 1784 648 ejulatu

373 681 430 712 ac
454 664 616 711 dicens
640 682 650 710 ε
681 683 704 709 «
725 666 953 711 Succurre
971 700 983 724 ,
1003 662 1235 728 deprecor
1251 699 1263 723 ,
1287 671 1445 709 sancte
1467 661 1686 709 sacerdos
1701 699 1714 724 ,
1738 673 1786 710 et

370 741 641 805 proximum
664 750 709 787 te
727 740 866 789 facito
888 740 1123 806 pereunti,
1150 740 1233 802 qui
1252 739 1361 786 loco
1383 738 1626 804 proximus
1642 749 1780 787 astas.

373 818 543 866 Emitte
576 834 730 866 sacras
761 834 847 883 per
872 817 1058 866 occulta
1086 816 1403 864 medicamina
1428 833 1620 879 manus,
1645 826 1692 865 et
1709 834 1787 865 ex-

371 896 505 943 trahe
525 896 707 943 malum
736 895 868 959 quod
897 895 1171 943 adversatur
1203 895 1399 956 lumini,
1427 911 1487 942 ne
1518 895 1698 943 lumine
1720 896 1788 943 vi-

370 973 542 1021 duatus
578 972 835 1021 abscedam
851 1011 864 1035 ,
901 974 984 1036 qui
1021 974 1183 1020 lumen
1220 973 1559 1021 miraculorum
1593 983 1787 1021 tuorum

369 1066 562 1097 cernere
574 1051 700 1097 veni.
716 1070 740 1094 ³>
756 1050 829 1096 Ad
846 1049 929 1113 huj
935 1066 990 1096 us
1006 1049 1361 1097 lamentabilem
1370 1049 1757 1098 vociferationem
1767 1085 1782 1109 ,

368 1126 579 1174 exhibito
593 1128 676 1192 qui
688 1127 886 1176 aderant
894 1127 1092 1189 lumine,
1102 1126 1625 1190 advertunthominem,
1636 1137 1787 1175 trans-

367 1202 463 1251 fixo
485 1205 644 1267 oculo,
670 1205 731 1253 de
752 1205 863 1252 fune
879 1203 1107 1269 pendere.
1133 1206 1367 1268 Cumque,
1392 1204 1659 1269 profluente
1680 1221 1788 1253 san-

370 1283 528 1346 guine,
549 1283 707 1330 nullus
728 1298 927 1330 manum
947 1281 1009 1329 ad
1034 1280 1299 1329 eruendum
1316 1281 1511 1329 auderet
1528 1295 1785 1347 apponere,

369 1360 586 1424 martyris
607 1360 755 1408 virtus
773 1359 924 1408 adfixit
941 1359 1172 1406 immensa
1197 1358 1350 1420 beati,
1385 1375 1490 1424 quae
1517 1361 1584 1407 sic
1610 1375 1788 1407 uncum

367 1436 593 1486 abstraxit
621 1447 675 1486 ut
697 1454 787 1486 nec
810 1437 1006 1486 oculum
1031 1446 1243 1499 erueret,
1274 1453 1366 1485 nec
1386 1438 1540 1485 visum
1573 1447 1790 1502 penetra-

331 1542 335 1546 -
368 1524 466 1578 ret,
498 1525 546 1565 et
578 1516 819 1580 sanguinis
846 1515 1140 1563 decurrentis
1163 1515 1397 1563 fluentum
1417 1515 1681 1579 stringeret.
1713 1514 1790 1561 Sic

369 1604 505 1642 eruto
533 1594 657 1642 ferro
689 1595 750 1643 de
777 1595 919 1643 oculo
934 1631 947 1656 ,
984 1593 1151 1641 dolore
1181 1592 1520 1659 palpebrarum
1547 1591 1786 1653 resedam,

368 1671 516 1718 virtus
530 1672 749 1735 martyris
767 1672 915 1719 sancti
939 1670 1204 1718 declaratur
1223 1671 1272 1717 in
1288 1670 1487 1736 populo.
1507 1671 1791 1733 Energume·

368 1763 459 1794 nos
475 1757 635 1795 autem
650 1748 714 1796 ad
726 1747 854 1795 hanc
876 1757 1107 1796 sacratam
1126 1747 1311 1795 athletae
1330 1747 1502 1795 Christi
1518 1746 1667 1794 aedem
1682 1761 1791 1810 pro-

369 1823 509 1873 batos
539 1835 680 1889 atque
716 1835 943 1890 purgatos
972 1826 1142 1890 saepius
1162 1824 1347 1890 scripsit
1374 1823 1455 1872 hic
1480 1833 1661 1873 auctor.
1695 1820 1789 1869 Sed

369 1901 432 1949 ad
450 1902 711 1951 Galliarum
733 1912 961 1968 martyres
984 1917 1297 1950 recurramus.

954 2039 1110 2075 CAPUT
1138 2039 1202 2076 CV
1207 2066 1215 2074 .

840 2128 894 2162 De
908 2126 1099 2163 Vincentio
1115 2126 1288 2174 Agenensi
1303 2127 1328 2162 ¹.

442 2219 714 2266 Vincentius
751 2228 912 2267 autem
944 2218 1195 2282 Agenensis
1220 2217 1352 2265 urbis
1382 2227 1430 2265 et
1462 2218 1561 2283 ipse
1591 2225 1784 2281 martyr,

372 2295 507 2359 cujus
529 2295 761 2361 passionis
783 2295 1008 2344 historia'
1037 2294 1099 2343 ab
1130 2295 1300 2342 incolis
1324 2295 1569 2356 retinetur,
1594 2293 1790 2343 leviticae

371 2373 502 2420 stolae
523 2372 731 2421 candore
771 2373 820 2419 in
850 2373 1046 2420 ecclesia
1072 2371 1243 2420 Christi
1263 2372 1467 2435 micans,
1505 2372 1687 2436 magnis
1707 2389 1789 2420 sae·

372 2451 561 2515 pissime
585 2452 837 2499 virtutibus
867 2451 1035 2515 fulget,
1066 2451 1116 2497 in
1139 2451 1472 2515 pervasoribus
1493 2467 1653 2499 rerum
1685 2466 1790 2498 sua-

425 2608 481 2654 (1)
501 2609 707 2658 Aginensi‚
730 2608 860 2654 22043
879 2605 1115 2657 Agennensi‚
1138 2606 1259 2646 2205.

425 2667 479 2721 (2)
501 2672 591 2707 Haec
611 2679 694 2718 est,
727 2670 783 2708 uti
806 2669 972 2717 videtur,
1004 2667 1161 2706 historia
1192 2681 1308 2720 quam
1337 2667 1455 2707 edidit
1482 2670 1547 2708 Fr.
1577 2635 1788 2720 Bosqiietus

372 2730 471 2769 nist.
495 2732 631 2770 eccles.
663 2732 891 2779 Gallicanae,
913 2730 981 2769 lib.
1012 2733 1058 2769 V.
1073 2730 1186 2769 Vide
1211 2730 1450 2779 Tillemont„
1470 2738 1575 2769 tomo
1605 2732 1657 2768 IV
1687 2729 1785 2768 Hist.

373 2794 508 2833 eccles.
539 2807 629 2846 pag.
653 2796 747 2842 546,
767 2802 806 2833 et
822 2794 862 2832 in
879 2794 995 2841 notis,
1023 2807 1111 2846 pag.
1141 2796 1240 2842 753,
1261 2802 1300 2833 et
1321 2793 1488 2833 Broweri
1506 2801 1615 2832 notas
1635 2792 1675 2831 in
1693 2795 1786 2831 For-

374 2855 494 2894 tunati
512 2855 579 2896 lib.
600 2858 633 2902 Ι,
653 2868 772 2895 carm.
795 2869 869 2894 vm
887 2864 924 2894 et
944 2869 1000 2895 ιχ.
1025 2855 1109 2908 (R.)
