2002 3418
393 339 442 377 74
797 339 864 376 DE
893 338 1081 376 GLORIA
1109 338 1406 376 MARTYRUM.

390 426 611 475 habetur.
645 425 740 474 Sed
769 427 852 490 qui
880 443 1016 474 orare
1045 426 1304 488 desiderat,
1340 426 1554 473 reseratis
1587 427 1809 476 cancellis

392 504 566 568 quibus
583 504 717 552 locus
734 505 812 552 ille
834 503 1059 566 ambitur,
1081 504 1265 552 accedit
1285 520 1427 568 super
1444 504 1738 568 sepulcrum3
1762 515 1810 554 et

391 582 458 629 sic
494 582 734 630 fenestella
766 582 966 647 parvula
1002 581 1237 647 patefacta
1253 619 1265 643 ‚
1305 580 1518 628 immisso
1552 581 1808 629 introrsum

391 661 567 724 capite,
600 676 705 724 quae
729 660 980 708 necessitas
1003 660 1183 725 promit
1203 659 1442 723 efflagitat.
1478 661 1575 706 Nec
1598 669 1810 707 moratur

390 736 611 800 effectus,
639 739 678 785 si
703 739 944 803 petitionis
974 748 1160 786 tantum
1180 738 1308 802 justa
1337 735 1604 802 proferatur
1635 738 1805 785 oratio.

390 815 535 873 Quod
568 816 608 863 si
639 815 780 864 beata
811 815 994 864 auferre
1031 815 1267 864 desiderat
1295 815 1498 880 pignora
1513 851 1527 876 ,
1563 814 1810 879 palliolum

389 893 586 957 aliquod
642 904 952 942 momentana
971 896 984 919 ¹
1030 903 1282 959 pensatum
1325 893 1440 957 jacit
1491 893 1773 940 intrinsecus
1793 930 1806 954 ,

389 969 564 1018 deinde
586 972 786 1035 vigilans
817 988 873 1019 ac
899 971 1120 1035 jejunans
1134 1009 1147 1033 ‚
1176 971 1476 1019 devotissime
1508 969 1806 1035 deprecatur,

390 1059 444 1096 ut
465 1049 711 1098 devotioni
738 1067 832 1096 suae
857 1049 1007 1096 virtus
1030 1050 1291 1114 apostolica
1316 1050 1611 1113 suffragetur.
1637 1049 1810 1096 Mirum

388 1125 552 1174 dictu!
590 1127 629 1174 si
671 1126 789 1174 fides
820 1126 1030 1174 hominis
1061 1127 1359 1190 praevaluerit
1373 1164 1386 1188 ,
1426 1143 1456 1174 a
1490 1126 1676 1174 tumulo
1707 1126 1810 1191 pal-

387 1203 557 1251 liolum
576 1205 811 1252 elevatum
833 1205 900 1252 ita
916 1203 1147 1258 imbuitur
1167 1204 1329 1252 divina
1347 1204 1518 1252 virtute
1531 1242 1544 1266 ‚
1573 1214 1629 1251 ut
1657 1205 1810 1252 multo

388 1281 594 1345 amplius
615 1297 761 1345 quam
779 1282 910 1346 prius
930 1291 1211 1346 pensaverat
1231 1280 1493 1346 ponderet;
1518 1290 1568 1328 et
1589 1291 1706 1328 tunc
1725 1281 1812 1328 sc'it

388 1358 472 1420 qui
495 1358 721 1407 levaverit
734 1396 746 1420 ,
773 1375 883 1405 cum
906 1358 1008 1422 ejus
1040 1359 1188 1421 gratia
1212 1360 1464 1425 sumpsisse
1494 1358 1627 1423 quod
1657 1359 1807 1423 petiit.

387 1436 523 1482 Multi
544 1436 674 1483 enim
707 1445 755 1483 et
784 1437 939 1483 claves
972 1452 1140 1485 aureas
1170 1436 1233 1484 ad
1265 1436 1546 1484 reserandos
1576 1436 1812 1484 cancellos

387 1512 516 1560 beati
539 1514 743 1579 sepulcri
771 1513 976 1575 faciunt,
1007 1514 1091 1578 qui
1119 1513 1320 1561 ferentes
1353 1531 1442 1579 pro
1475 1514 1811 1562 benedictione

387 1591 570 1655 priores
622 1591 864 1656 accipiunt
881 1628 894 1652 ‚
943 1590 1119 1655 quibus
1165 1590 1427 1639 infirmitati
1473 1591 1809 1638 tribulatorum

387 1668 684 1717 medeantur.
721 1670 898 1718 Omnia
926 1670 1057 1717 enim
1089 1669 1208 1717 fides
1240 1671 1424 1734 integra
1451 1679 1654 1736 praestat.
1689 1672 1810 1716 Sunt

387 1745 456 1792 ihi
480 1754 526 1792 et
548 1746 783 1794 columnae
811 1747 942 1795 mirae
969 1747 1211 1810 elegantiae
1244 1747 1453 1796 candore
1487 1748 1627 1795 niveo
1644 1785 1656 1809 ‚
1693 1762 1810 1811 qua—

387 1833 498 1871 tuor
534 1842 735 1873 numero
751 1863 764 1888 ‚
805 1841 909 1890 quae
952 1824 1188 1874 ciborium
1225 1827 1428 1892 sepulcri
1458 1826 1688 1875 sustinere
1724 1824 1808 1872 di-

386 1912 575 1950 cuntur.

936 1992 1094 2028 CAPUT
1117 1993 1255 2030 XXIX.

907 2091 961 2125 De
979 2090 1092 2126 Paulo
1107 2091 1284 2139 apostolo.

451 2188 625 2236 Paulus
648 2205 763 2236 vero
785 2188 1029 2254 apostolus
1042 2190 1073 2251 ²,
1098 2197 1207 2253 post
1227 2188 1496 2236 revolutum
1517 2187 1634 2236 anni
1655 2187 1806 2234 circu-

384 2267 510 2329 lum,
536 2267 638 2333 ipsa
661 2268 738 2315 die
768 2283 864 2333 qua
895 2270 1058 2315 Petrus
1089 2268 1332 2333 apostolus
1360 2283 1524 2331 passus
1549 2276 1641 2326 est,
1676 2265 1807 2331 apud

384 2344 557 2393 urbem
592 2349 796 2394 Romam
835 2345 993 2409 gladio
1029 2362 1278 2410 percussus
1313 2343 1555 2392 occubuit.
1596 2346 1634 2391 E
1672 2343 1807 2407 cujus

384 2523 453 2563 lib.
465 2526 519 2573 X,
534 2525 634 2565 Hist.
649 2539 736 2579 cap.
748 2526 838 2574 ult.;
853 2524 921 2564 lib.
934 2527 1040 2574 VIII,
1053 2537 1139 2577 cap.
1150 2538 1266 2574 xxx1;
1277 2523 1345 2563 lib.
1357 2526 1431 2573 IX,
1444 2537 1531 2577 cap.
1546 2537 1603 2564 w.
1618 2523 1714 2563 Vide
1724 2525 1806 2563 Ma-

384 2586 519 2626 billon.
536 2587 602 2630 lib.
622 2591 642 2628 1
659 2589 839 2643 Liturgiae
852 2588 951 2628 Gall.
965 2601 1050 2641 cap.
1067 2602 1126 2629 IX.
1135 2590 1222 2637 Quo
1233 2596 1362 2627 autem
1381 2601 1465 2627 aevo
1479 2596 1699 2627 sanctorum
1713 2599 1805 2626 cot·-

384 2663 480 2702 pora
498 2651 538 2689 in
571 2652 779 2690 Occidente
809 2650 930 2689 levari
959 2651 1233 2702 transferrique
1254 2659 1454 2703 coeperunt
1473 2650 1585 2689 docet
1602 2648 1800 2688 Mabillon.

384 2714 492 2766 praef.
513 2713 554 2752 in
573 2717 669 2753 Acta
688 2723 855 2753 sanctor.
883 2714 969 2753 ord.
995 2716 1035 2755 S.
1054 2710 1220 2763 Bened.‚
1241 2726 1328 2755 saec.
1346 2727 1400 2763 11,
1423 2726 1587 2752 numero
1607 2713 1672 2751 42.
1694 2713 1774 2760 (Β.)

437 2778 492 2825 (1)
513 2776 559 2814 Id
577 2785 648 2825 est,
668 2785 821 2815 statera.
842 2779 923 2825 (R.)

438 2840 492 2887 (Ξ)
510 2840 584 2877 An.
609 2841 675 2887 66,
697 2841 746 2877 29
767 2843 858 2880 Jun.
884 2838 963 2891 (R.)
