2002 3418
339 306 424 345 220.
744 312 808 348 DE
835 312 1020 350 GLORIA
1048 314 1344 352 MARTYRUM.

337 398 399 444 ad
435 398 708 460 ecclesiam;
749 417 846 465 quo
881 402 1169 463 discedente,
1207 414 1260 450 ut
1292 404 1537 453 ecclesiam
1573 417 1644 454 est
1675 409 1746 455 in-
1811 413 1832 436 ·

337 492 541 539 gressus,
585 487 632 524 et
667 479 746 526 hic
779 480 995 544 spiritum
1029 480 1262 528 exhalavit
1276 517 1288 539 ,
1328 483 1598 548 recepitque
1629 501 1745 532 con·

339 552 489 601 festim
508 555 704 603 ecclesia
725 573 826 603 rem
852 574 1004 605 suam.

877 693 1034 728 CAPUT
1058 694 1192 729 LXXX
1199 721 1208 729 .

555 776 607 810 De
623 777 881 823 approbatione
897 776 982 812 fidei
998 778 1194 813 christiana
1209 791 1274 826 per
1289 778 1497 813 miraculum
1514 779 1540 812 ¹.

398 862 594 927 Semper
616 863 746 910 enim
769 865 1114 912 catholicorum
1136 867 1327 914 inimica
1349 877 1419 913 est
1442 866 1651 926 haeresis‚
1678 876 1742 921 et,

333 937 608 1003 ubicunque
645 942 854 1005 potuerit
890 943 1084 990 tendere
1116 943 1327 1005 insidias,
1361 961 1459 990 non
1497 943 1704 990 obmittit
1730 960 1741 988 :

333 1015 454 1061 sicut
471 1015 588 1062 illud
607 1027 694 1076 est,
714 1005 847 1081 quod
863 1019 1073 1082 quodam
1093 1020 1202 1067 loco
1222 1020 1398 1068 sactum
1414 1019 1599 1068 celebre
1622 1020 1747 1068 fama

331 1091 526 1156 profert.
552 1093 720 1141 Mulier
743 1096 961 1158 quaedam
987 1107 1087 1144 erat
1112 1097 1362 1154 catholica,
1386 1097 1569 1145 habens
1590 1099 1755 1145 virum.

332 1167 605 1217 haereticum
631 1188 642 1216 z
674 1171 737 1218 ad
761 1188 906 1235 quam
935 1189 1046 1220 cum
1072 1174 1277 1221 venisset
1298 1173 1543 1238 presbyter
1574 1184 1746 1222 nostrae

332 1246 572 1310 religionis
589 1248 730 1296 valde
747 1250 1027 1308 catholicuS‚
1052 1251 1119 1298 ait
1138 1251 1308 1299 mulier
1325 1252 1388 1299 ad
1402 1253 1558 1299 virum
1577 1268 1742 1300 suum:

335 1327 491 1371 «Peto
516 1313 732 1374 charitati
750 1337 841 1374 tuae
876 1337 929 1374 ut
946 1345 1034 1393 pro
1069 1328 1277 1376 adventu
1299 1329 1441 1393 hujus
1461 1329 1715 1376 sacerdotis
1729 1367 1742 1391 ‚

332 1403 413 1465 qui
439 1420 515 1450 me
537 1405 724 1452 visitare
751 1404 969 1468 dignatus
989 1415 1074 1466 est,
1100 1406 1257 1453 laetitia
1274 1405 1506 1453 habeatur
1525 1406 1575 1453 in
1600 1406 1746 1454 domo

333 1490 495 1528 nostra
512 1519 523 1540 ‚
567 1498 622 1529 ac
657 1493 974 1547 praeparatum
1008 1483 1162 1547 dignis
1204 1483 1456 1549 impendiis
1491 1483 1747 1548 prandium

331 1557 579 1622 epulemur
596 1576 707 1606 cum
724 1576 799 1606 eo.
818 1578 840 1603 »
863 1561 1166 1608 Promittente
1182 1571 1340 1608 autem
1355 1561 1457 1607 viro
1476 1560 1576 1624 ejus
1592 1561 1658 1607 sic
1675 1577 1742 1621 se,

332 1645 384 1681 ut
414 1635 495 1683 illa
526 1637 791 1700 flagitabat,
830 1637 1084 1699 facturum,
1123 1638 1314 1685 advenit
1337 1648 1384 1685 et
1415 1638 1533 1685 alius
1562 1637 1746 1684 haereti-

331 1730 500 1761 corum
514 1715 777 1780 presbyter,
803 1716 1012 1780 dixitque
1034 1718 1106 1763 vir
1121 1717 1306 1764 mulieri
1329 1735 1339 1763 :
1373 1736 1396 1761 «
1413 1716 1662 1782 Duplicata
1677 1727 1745 1763 est

331 1791 488 1840 laetitia
516 1793 679 1853 hodie,
712 1811 771 1841 eo
799 1794 932 1858 quod
954 1795 1047 1842 sint
1072 1794 1337 1842 sacerdotes
1363 1795 1608 1859 utriusque
1638 1793 1769 1859 reli-4

332 1869 484 1931 gionis
494 1870 543 1916 in
559 1870 705 1918 domo
717 1881 893 1918 nostra.
910 1891 932 1914 n
943 1870 1545 1920 Discumbentibus’autem
1556 1871 1619 1918 ad
1627 1887 1742 1921 con-

332 1947 508 1995 vivium
524 1986 535 2006 ‚
560 1949 632 1995 vir
661 1948 739 1995 ille
769 1965 880 1995 cum
911 1948 1187 2013 presbytero
1217 1948 1390 1996 dextrae
1421 1949 1567 2014 partis
1593 1964 1747 1996 cornu

332 2037 553 2092 occupat,
582 2027 871 2074 catholicum
897 2027 959 2075 ad
986 2028 1223 2075 sinistram
1250 2036 1474 2084 statuens,
1497 2026 1754 2092 positaque.

331 2104 394 2151 ad
421 2105 586 2152 laevam
619 2105 719 2169 ejus
745 2105 928 2160 sellula,
963 2106 1012 2152 in
1041 2121 1136 2170 qua
1166 2105 1339 2169 conjux
1373 2104 1474 2168 ejus
1501 2103 1740 2151 resideret.

331 2183 552 2247 Dixitque
582 2183 654 2230 vir
677 2184 739 2231 ad
759 2183 1089 2249 presbyterum
1105 2184 1377 2231 haereticum
1398 2204 1410 2230 ε
1438 2202 1462 2228 «
1474 2183 1522 2229 Si
1544 2198 1747 2229 consen-

331 2262 444 2308 seris
470 2261 759 2309 dictionibus
786 2263 921 2321 meis‚
959 2278 1258 2310 exerceamus
1284 2260 1429 2308 hodie
1457 2259 1746 2332 cachinnum

332 2338 391 2385 de
412 2339 507 2386 hoc
530 2342 855 2387 Romanorum
889 2339 1187 2405 presbytero,
1223 2348 1276 2385 ut
1303 2338 1495 2394 scilicet,
1527 2337 1744 2402 apposito

332 2416 510 2463 ferculo
527 2453 540 2477 ,
590 2428 643 2464 tu
686 2418 882 2464 celerius
925 2418 1109 2480 signare
1163 2416 1379 2476 festines3
1418 2431 1625 2479 cumque
1667 2413 1745 2460 ille

384 2618 438 2665 (1)
457 2619 517 2654 De
534 2619 704 2667 nequitia
719 2619 892 2664 heretici,
914 2619 1033 2657 2205.

385 2678 438 2729 (2)
454 2682 499 2717 In
522 2680 662 2719 lectulo
680 2693 729 2718 ex
746 2693 854 2719 more
873 2689 1068 2719 veterum.
1082 2680 1153 2732 ‘Ibi
1171 2680 1306 2719 dextra
1329 2679 1437 2718 locus
1460 2687 1543 2717 erat
1559 2676 1738 2716 nobilior.

331 2741 417 2779 vid.
441 2741 636 2782 sirmondi
656 2742 854 2781 Sidonium
874 2743 1002 2794 Apoll.
1024 2743 1050 2782 l.
1079 2745 1119 2790 1,
1141 2743 1252 2795 epist.
1273 2754 1325 2793 11;
1348 2741 1542 2781 Lambecii
1560 2738 1738 2779 Biblioth.

331 2805 553 2852 Caesaream,
571 2812 600 2842 t.
612 2807 680 2852 lv..
696 2804 815 2843 addit.
840 2807 878 2845 8.
899 2806 1151 2854 (tm—Vide
1170 2814 1208 2844 et
1226 2805 1415 2857 Gregorii,
1435 2804 1532 2842 Hist.
1552 2805 1604 2850 ΙΙ,
1625 2815 1738 2839 xxm.
