2002 3418
389 325 464 363 204
792 329 856 365 DE
885 327 1071 365 GLORIA
1095 328 1390 364 MARTYRUM.

386 414 568 462 ratione
590 416 815 478 restituat,
841 417 960 463 sicut
986 415 1232 480 quondam
1254 416 1314 462 de
1339 416 1664 479 Sigismundo¹
1688 436 1795 483 rege

386 491 632 540 manifesta
661 492 778 555 fides
807 504 987 557 gestum
1018 493 1230 560 profert².
1260 493 1347 540 Hic
1377 496 1552 542 etenim
1585 507 1693 561 post
1722 497 1795 544 in-

384 579 669 636 teremptum
709 587 795 637 per
833 572 1005 636 iniquae
1056 571 1307 618 consilium
1356 572 1569 636 conjugis
1615 573 1764 622 filium
1778 612 1792 636 ,

384 658 698 712 compunctus
721 649 865 696 corde
887 651 1133 712 Agaunum
1156 648 1329 711 dirigit,
1355 648 1517 713 ibique
1536 660 1796 714 prostratus

383 739 546 772 coram
570 725 797 790 sepulcris
825 725 1205 773 beatissimorum
1230 735 1491 789 martyrum
1514 726 1712 789 legionis
1734 727 1797 775 fe-

380 801 502 848 licis⁸
521 803 848 868 poenitentiam
866 804 976 867 egit,
1001 802 1260 869 deprecans
1281 814 1332 850 ut
1352 820 1663 869 quaecumque
1684 805 1796 853 deli-

381 890 569 942 querat,
595 881 644 927 in
676 880 772 928 hoc
801 881 844 927 ei
877 881 1047 928 saeculo
1078 881 1195 928 ultio
1224 879 1387 927 divina
1418 881 1718 943 retribueret,
1744 893 1797 929 ut

381 948 557 1005 scilicet
583 956 815 1005 habeatur
845 958 894 1004 in
920 957 1100 1021 judicio
1123 957 1384 1018 absolutuS,
1416 958 1454 1004 si
1476 959 1519 1006 ei
1546 954 1670 1006 mala
1691 975 1795 1022 quae

380 1044 605 1096 gesserat,
630 1035 908 1099 priusquam
927 1034 987 1082 de
1008 1034 1192 1082 mundo
1214 1034 1430 1096 decedat,
1458 1047 1789 1101 repensentur:

378 1109 542 1175 ibique
557 1121 606 1159 et
622 1109 925 1176 psallentium
943 1111 1276 1176 quotidianum
1288 1109 1514 1175 instituit,
1539 1114 1794 1178 locumque

380 1198 477 1236 tam
503 1189 553 1235 in
578 1185 820 1237 territoriis
841 1206 987 1253 quam
1008 1191 1058 1237 in
1081 1191 1272 1254 reliquis
1293 1191 1434 1239 rebus
1446 1191 1794 1240 affluentissime

378 1265 558 1314 ditavit.
597 1269 762 1314 Postea
788 1284 902 1314 vero
933 1275 1154 1333 captus'a
1176 1268 1518 1316 Chlodomere‘
1546 1286 1653 1332 rege
1684 1287 1795 1318 cum

378 1342 509 1404 filiis,
554 1344 919 1410 interfectusque
957 1345 1056 1408 ejus
1084 1346 1218 1409 jussu
1234 1383 1246 1406 ,
1287 1347 1349 1394 ad
1382 1346 1604 1393 eumdem
1634 1347 1795 1394 locum

376 1418 575 1480 delatus,
603 1419 853 1484 sepulturae
875 1419 1127 1467 mandatus
1149 1431 1235 1482 est,
1264 1437 1410 1484 quem
1431 1421 1480 1467 in
1502 1422 1794 1468 consortium

375 1506 650 1543 sanctorum
682 1497 875 1544 ascitum
914 1497 1015 1561 ipsa
1043 1513 1116 1545 res
1146 1514 1251 1562 quae
1284 1498 1459 1561 geritur
1487 1497 1750 1546 manifestat
1778 1516 1789 1544 ε

376 1590 489 1621 nam
516 1576 553 1622 si
579 1576 662 1640 qui
687 1592 815 1622 nunc
840 1575 1081 1638 frigoritici
1108 1577 1156 1623 in
1190 1577 1290 1640 ejus
1311 1576 1497 1624 honore
1525 1577 1687 1624 missas
1713 1577 1794 1624 de-

374 1663 483 1701 vote
505 1654 763 1716 celebrant,
789 1655 982 1719 ejusque
1005 1671 1094 1719 pro
1117 1656 1277 1719 requie
1302 1658 1404 1702 Deo
1428 1654 1636 1702 offerunt
1659 1654 1792 1701 obla-

376 1731 572 1793 tionem,
597 1733 754 1790 statim
774 1732 1054 1797 compressis
1075 1733 1380 1794 tremoribus,
1402 1733 1631 1779 restinctis
1653 1731 1793 1778 febri-

372 1806 481 1870 bus,
506 1810 691 1858 sanitati
712 1805 919 1875 pristinae
940 1819 1278 1857 restaurantur.

907 1929 1063 1964 CAPUT
1088 1929 1254 1963 LXXVI.

482 2003 534 2035 De
553 2004 680 2037 sanctis
693 2002 962 2049 Agaunensibus
974 2003 1003 2046 ⁸,
1021 2014 1081 2037 seu
1096 2002 1141 2037 de
1157 2010 1280 2037 sancto
1298 2002 1472 2037 Mauricio
1487 2010 1520 2037 et
1534 2002 1636 2036 sociis
1653 2003 1682 2036 ⁸.

437 2086 607 2147 Magna
630 2095 699 2132 est
721 2086 850 2131 enim
872 2086 1021 2133 virtus
1043 2086 1106 2132 ad
1127 2085 1474 2133 antedictorum
1503 2093 1762 2147 martyrum
1777 2086 1790 2108 ⁷

371 2162 601 2226 sepulcra,
612 2161 672 2209 de
680 2161 871 2226 quibus,
882 2163 1053 2210 relictis
1064 2162 1295 2227 pluribus,
1313 2178 1468 2227 pauca
1479 2161 1787 2226 perstringere

371 2237 525 2285 libuit.
551 2239 719 2285 Mulier
743 2240 978 2303 quaedam,
1017 2239 1166 2286 filium
1201 2256 1339 2285 suum
1373 2239 1569 2285 unicum
1603 2237 1665 2284 ad
1693 2237 1787 2283 hoc

423 2389 476 2435 (1)
495 2388 618 2426 Laud.
640 2387 734 2428 Bell.
757 2396 794 2425 et
813 2386 923 2426 Colb.
945 2400 988 2434 a,
1013 2387 1249 2437 Sigimando.
1280 2388 1338 2423 De
1362 2385 1428 2422 illo
1455 2383 1572 2422 fusius
1595 2382 1719 2434 agitur
1744 2382 1784 2420 in

369 2449 466 2487 Hist.
487 2449 555 2488 lib.
572 2452 651 2497 III,
673 2462 762 2501 cap.
784 2461 808 2489 v
828 2458 866 2487 et
883 2463 937 2486 VI.
959 2450 1230 2497 (R.)--2205,
1249 2461 1360 2499 supp.
1382 2447 1476 2494 478,
1497 2447 1786 2497 Sigimundo.—

368 2513 422 2559 (2)
443 2515 502 2550 An
542 2514 641 2560 523,
663 2516 679 2550 1
707 2513 809 2551 maii.
833 2514 972 2560 (R.)—
985 2511 1039 2565 (3)
1057 2512 1102 2550 Id
1124 2520 1179 2549 est
1197 2510 1383 2559 Mauricii,
1405 2519 1442 2548 et
1459 2509 1622 2548 aliorum
1641 2517 1783 2559 marty-

368 2587 454 2612 rum
474 2575 522 2613 de
544 2575 682 2626 quibus
701 2588 787 2627 cap.
808 2588 890 2626 seq.
911 2578 970 2613 De
990 2575 1065 2613 hoc
1083 2575 1239 2614 nomine
1263 2574 1459 2612 disseritur
1481 2572 1522 2610 in
1549 2571 1784 2610 observatio-

367 2637 480 2675 nibus
499 2638 548 2675 ad
566 2651 699 2676 eorum
718 2641 833 2685 Acta,
861 2637 962 2675 inter
987 2638 1134 2675 sincera
1153 2640 1379 2687 Martyrum,
1406 2648 1491 2686 cap.
1520 2631 1612 2673 286.
1633 2635 1712 2681 (R.)
1731 2654 1785 2661 -

372 2699 426 2749 (4)
446 2700 665 2739 Chlodinere
678 2729 688 2746 ‚
715 2713 827 2751 supp.
851 2701 942 2738 478.
956 2722 1009 2728 —-
1026 2703 1037 2743 ζ
1042 2703 1079 2748 5)
1100 2698 1406 2750 Auguanensibus
1419 2727 1430 2744 ,
1451 2699 1632 2735 2205.—
1645 2698 1699 2743 (6)
1725 2697 1784 2731 De

368 2763 506 2799 sanctis
522 2762 741 2799 martirIbus
763 2761 917 2800 Thebeis
935 2772 970 2799 et
990 2764 1037 2799 de
1054 2765 1214 2812 quodam
1228 2775 1348 2812 puero
1362 2790 1372 2808 ,
1403 2761 1522 2798 2781.
1540 2761 1656 2806 —(7)
1679 2756 1783 2795 Passi

369 2837 434 2864 an.
454 2825 554 2871 286,
575 2825 626 2861 22
646 2833 741 2875 sept.
766 2826 846 2871 (R.)
