2002 3418
373 330 450 366 222
772 333 838 369 DE
864 332 1051 371 GLORIA
1077 334 1376 372 MARTYRUM.

374 436 571 481 manum
602 437 703 469 non
740 423 975 486 posuerit,
1000 423 1082 470 illo
1105 423 1336 485 tristante,
1369 440 1459 472 nos
1490 440 1602 473 cum
1628 425 1784 475 laetitia

372 499 677 548 comedemus
693 499 870 548 cibum.
891 521 915 545 »
935 502 1021 549 Cui
1037 502 1114 549 ille
1137 520 1148 549 z
1179 502 1431 564 «Faciam,
1456 503 1632 567 inquit,
1652 504 1783 569 quod

371 578 633 643 praecipis.»
647 579 862 643 Denique
875 581 1094 627 veniente
1113 580 1245 627 disco
1265 597 1377 627 cum
1391 579 1615 642 oleribus,
1633 582 1786 645 signa-

371 655 439 701 vit
459 655 730 717 haereticus,
757 658 1010 722 posuitque
1032 659 1212 723 primus
1243 674 1442 705 manum
1463 674 1616 705 suam.
1642 658 1785 716 Quod

372 748 570 780 cernens
600 734 786 796 mulier,
824 735 888 782 ait
917 753 926 780 :
957 755 980 779 «
1010 738 1077 782 Ne
1107 735 1294 797 feceris,
1321 737 1434 800 quia
1467 737 1648 800 ingrate
1686 736 1785 782 fero

370 810 593 873 injuriam
606 812 875 859 sacerdotis.
895 832 916 856 υ
931 816 1005 871 Et,
1019 813 1230 860 exhibito
1244 813 1338 861 alio
1353 813 1483 875 cibo,
1502 813 1701 878 sumpsit
1715 829 1788 860 ca-

371 888 575 936 tholicus
589 925 600 935 .
639 893 693 936 In
730 890 940 949 secundo
970 908 1085 938 vero
1112 901 1159 939 et
1188 891 1328 938 tertio
1364 891 1542 938 ferculo
1577 890 1788 938 similiter

373 965 480 1011 fecit
508 965 769 1013 haereticus.
797 970 978 1024 Quarto
1010 978 1170 1016 autem
1192 968 1426 1030 exhibito,
1453 969 1586 1032 cujus
1614 969 1665 1014 in
1685 984 1786 1014 me-

373 1043 508 1090 dium
541 1053 726 1107 sartago
761 1044 944 1093 fervens
972 1046 1252 1108 advenerat,
1287 1048 1339 1094 in
1369 1063 1465 1111 qua
1498 1046 1788 1111 compositus

372 1131 474 1168 erat
505 1120 640 1169 cibus
677 1122 756 1169 ille
770 1160 783 1184 ,
815 1125 897 1188 qui
929 1140 987 1171 ex
1016 1125 1191 1173 collisis
1219 1126 1322 1172 ovis
1352 1141 1609 1190 parumper
1641 1125 1788 1172 mixta

372 1198 524 1247 farina
541 1200 839 1265 dactylorum
855 1201 1068 1266 partibus
1082 1201 1408 1266 olivarumque
1423 1199 1789 1248 rotlmditatibus

372 1279 544 1326 assolet
579 1280 820 1342 exornari,
848 1279 1073 1328 festinans
1093 1280 1340 1328 haereticus
1354 1317 1367 1342 ,
1398 1280 1676 1345 priusquam
1697 1277 1788 1325 fer-

371 1357 534 1405 culum
558 1357 676 1405 illud
704 1358 779 1405 vel
808 1374 1022 1406 mensam
1049 1369 1285 1423 tangeret,
1322 1358 1503 1406 elevata
1523 1357 1575 1404 in
1597 1355 1789 1404 obviam

372 1450 535 1496 manu,
562 1434 732 1498 signat,
758 1435 1010 1499 statimque
1038 1437 1248 1500 positum
1269 1434 1594 1482 cochlearium
1612 1433 1755 1480 sumit
1772 1470 1785 1493 ,

372 1528 474 1559 non
502 1505 766 1576 intelligens
790 1529 853 1560 an
875 1513 1071 1575 caleret,
1103 1513 1458 1577 ferventemque
1480 1511 1643 1559 cibum
1658 1509 1787 1558 velo-

371 1591 489 1637 citer
527 1591 778 1654 inglutivit.
820 1593 1058 1653 Protinus,
1102 1608 1305 1639 accenso
1343 1601 1552 1656 pectore,
1596 1598 1790 1636 aestuare

373 1669 532 1733 coepit,
558 1670 824 1733 emissoque
847 1685 959 1715 cum
980 1669 1182 1734 suspirio
1213 1670 1446 1715 immenso
1476 1667 1654 1715 ventris
1677 1675 1791 1712 stre-

371 1746 476 1810 pitu
492 1784 504 1808 ,
550 1763 759 1811 nequam
808 1748 1025 1812 spiritum
1064 1747 1301 1794 exhalavit
1343 1764 1354 1792 :
1399 1745 1678 1809 ablatusque
1730 1743 1790 1789 de

372 1826 611 1887 convivio,
642 1825 825 1872 locatus
845 1825 895 1871 in
919 1824 1123 1885 tumulo,
1156 1834 1289 1871 terrae
1316 1822 1456 1870 molis
1477 1822 1696 1885 congerie
1720 1828 1791 1867 est

373 1913 581 1967 opertus.
618 1905 750 1949 Tunc
787 1902 1023 1949 exsultans
1063 1902 1310 1967 presbyter
1347 1910 1519 1948 nostrae
1551 1897 1791 1962 religionis

373 1981 438 2027 ait
462 1998 472 2026 :
500 2000 524 2026 «
543 1984 663 2028 Vere
684 1981 811 2028 ultus
832 1990 903 2028 est
919 1983 1047 2027 Deus
1068 1996 1228 2027 servos
1251 1995 1379 2026 suos.
1410 1997 1434 2023 »
1459 1981 1519 2024 Et
1535 1992 1791 2024 conversus

372 2058 435 2105 ad
457 2060 629 2120 virum,
655 2059 789 2123 cujus
807 2069 907 2106 erat
929 2058 1205 2106 convivium
1221 2097 1233 2120 ,
1260 2058 1381 2106 dixit
1400 2075 1411 2104 ε
1442 2077 1466 2102 «
1489 2056 1631 2104 Periit
1650 2056 1791 2120 hujus

372 2139 604 2186 memoria
621 2155 732 2185 cum
755 2139 913 2186 sonitu
926 2176 939 2200 ,
963 2147 1011 2185 et
1027 2138 1263 2184 Dominus
1288 2137 1338 2184 in
1354 2145 1581 2183 aeternum
1601 2150 1789 2199 perma-

372 2218 488 2263 net¹.
514 2219 585 2263 Tu
617 2233 730 2264 vero
758 2232 947 2282 appone
975 2215 1109 2280 quod
1131 2214 1399 2262 comedam.
1435 2234 1459 2257 «
1478 2216 1609 2259 Tunc
1639 2211 1789 2258 homo

373 2292 451 2339 ille
485 2294 756 2358 perterritus
770 2331 783 2355 ,
815 2293 1003 2358 expleto
1030 2291 1253 2339 convivio
1267 2328 1281 2352 ,
1314 2289 1593 2356 provolutus
1628 2298 1698 2336 est
1727 2287 1791 2336 ad

375 2370 520 2435 pedes
540 2370 818 2437 presbyteri,
842 2385 1194 2433 conversusque
1223 2368 1285 2416 ad
1309 2367 1456 2415 fidem
1477 2365 1759 2414 catholicam
1772 2402 1786 2426 ,

374 2449 574 2497 credidit
591 2466 703 2497 cum
715 2450 863 2497 domo
885 2464 988 2509 sua,
1011 2447 1093 2512 qui
1115 2447 1165 2493 in
1186 2446 1278 2494 hac
1290 2445 1492 2511 perfidia
1512 2442 1785 2502 tenebatur3

375 2536 423 2573 et
446 2526 756 2592 multiplicata
785 2535 855 2573 est
891 2524 1072 2585 laetitia,
1109 2524 1229 2572 sicut
1262 2524 1393 2588 prius
1413 2522 1585 2571 mulier
1610 2520 1789 2583 flagita-

377 2614 522 2650 verat.

431 2790 489 2837 (1)
509 2788 648 2827 Psalm.
671 2801 730 2837 xx,
751 2790 787 2828 ’1.
