<?xml version="1.0" encoding="UTF-8"?>
<!DOCTYPE html PUBLIC "-//W3C//DTD XHTML 1.0 Transitional//EN"
    "http://www.w3.org/TR/xhtml1/DTD/xhtml1-transitional.dtd">
<html xmlns="http://www.w3.org/1999/xhtml" xml:lang="en" lang="en">
 <head>
  <title>
</title>
<meta http-equiv="Content-Type" content="text/html;charset=utf-8" />
  <meta name='ocr-system' content='tesseract 3.04.00' />
  <meta name='ocr-capabilities' content='ocr_page ocr_carea ocr_par ocr_line ocrx_word'/>
</head>
<body>
  <div class='ocr_page' id='page_1' title='image "./leslivresdesmira01greguoft_0396.png"; bbox 0 0 2002 3418; ppageno 0'>
   <div class='ocr_carea' id='block_1_1' title="bbox 398 399 1458 438">
    <p class='ocr_par' dir='ltr' id='par_1_1' title="bbox 398 399 1458 438">
     <span class='ocr_line' id='line_1_1' title="bbox 398 399 1458 438; baseline -0.002 0"><span class='ocrx_word' id='word_1_1' title='bbox 398 401 473 438; x_wconf 77' lang='lat'><strong>340</strong></span> <span class='ocrx_word' id='word_1_2' title='bbox 685 401 751 437; x_wconf 86' lang='lat' dir='ltr'><strong>DE</strong></span> <span class='ocrx_word' id='word_1_3' title='bbox 779 399 1045 438; x_wconf 83' lang='lat' dir='ltr'>MIRACULIS</span> <span class='ocrx_word' id='word_1_4' title='bbox 1075 399 1240 436; x_wconf 80' lang='lat' dir='ltr'>SANCTI</span> <span class='ocrx_word' id='word_1_5' title='bbox 1266 400 1458 436; x_wconf 82' lang='lat' dir='ltr'><strong>JULIANI</strong></span> 
     </span>
    </p>
   </div>
   <div class='ocr_carea' id='block_1_2' title="bbox 387 487 1801 1415">
    <p class='ocr_par' dir='ltr' id='par_1_2' title="bbox 387 487 1801 1415">
     <span class='ocr_line' id='line_1_2' title="bbox 397 487 1800 552; baseline 0.001 -16"><span class='ocrx_word' id='word_1_6' title='bbox 397 505 588 536; x_wconf 89' lang='lat' dir='ltr'><strong>securus</strong></span> <span class='ocrx_word' id='word_1_7' title='bbox 624 505 755 551; x_wconf 90' lang='lat' dir='ltr'><strong>sum,</strong></span> <span class='ocrx_word' id='word_1_8' title='bbox 803 505 915 537; x_wconf 90' lang='lat' dir='ltr'><strong>nam</strong></span> <span class='ocrx_word' id='word_1_9' title='bbox 951 489 1139 552; x_wconf 86' lang='lat' dir='ltr'><strong>triginta</strong></span> <span class='ocrx_word' id='word_1_10' title='bbox 1172 489 1329 536; x_wconf 89' lang='lat' dir='ltr'><strong>leucas</strong></span> <span class='ocrx_word' id='word_1_11' title='bbox 1364 505 1392 536; x_wconf 86' lang='lat' dir='ltr'><strong>a</strong></span> <span class='ocrx_word' id='word_1_12' title='bbox 1421 488 1569 536; x_wconf 90' lang='lat' dir='ltr'><strong>sancti</strong></span> <span class='ocrx_word' id='word_1_13' title='bbox 1608 487 1800 537; x_wconf 88' lang='lat' dir='ltr'><strong>basilica</strong></span> 
     </span>
     <span class='ocr_line' id='line_1_3' title="bbox 396 567 1798 635; baseline 0.001 -22"><span class='ocrx_word' id='word_1_14' title='bbox 396 567 640 631; x_wconf 86' lang='lat' dir='ltr'>elongatus</span> <span class='ocrx_word' id='word_1_15' title='bbox 667 584 794 628; x_wconf 89' lang='lat' dir='ltr'><strong>sum;</strong></span> <span class='ocrx_word' id='word_1_16' title='bbox 832 567 934 632; x_wconf 86' lang='lat' dir='ltr'><strong>jam</strong></span> <span class='ocrx_word' id='word_1_17' title='bbox 969 585 1101 616; x_wconf 91' lang='lat' dir='ltr'><strong>secus</strong></span> <span class='ocrx_word' id='word_1_18' title='bbox 1121 568 1364 635; x_wconf 86' lang='lat' dir='ltr'>propriam</span> <span class='ocrx_word' id='word_1_19' title='bbox 1387 567 1584 614; x_wconf 91' lang='lat' dir='ltr'><strong>domum</strong></span> <span class='ocrx_word' id='word_1_20' title='bbox 1602 583 1701 614; x_wconf 91' lang='lat' dir='ltr'><strong>esse</strong></span> <span class='ocrx_word' id='word_1_21' title='bbox 1722 584 1798 615; x_wconf 90' lang='lat' dir='ltr'><strong>me</strong></span> 
     </span>
     <span class='ocr_line' id='line_1_4' title="bbox 395 644 1800 707; baseline 0.001 -16"><span class='ocrx_word' id='word_1_22' title='bbox 395 644 556 692; x_wconf 90' lang='lat' dir='ltr'><strong>credo.</strong></span> <span class='ocrx_word' id='word_1_23' title='bbox 577 664 599 689; x_wconf 76' lang='grc' dir='ltr'><strong>υ</strong></span> <span class='ocrx_word' id='word_1_24' title='bbox 624 647 751 693; x_wconf 91' lang='lat' dir='ltr'><strong>Dum</strong></span> <span class='ocrx_word' id='word_1_25' title='bbox 770 645 871 693; x_wconf 89' lang='lat' dir='ltr'><strong>haec</strong></span> <span class='ocrx_word' id='word_1_26' title='bbox 899 646 1066 694; x_wconf 90' lang='lat' dir='ltr'><strong>tacitus</strong></span> <span class='ocrx_word' id='word_1_27' title='bbox 1084 646 1345 694; x_wconf 86' lang='lat' dir='ltr'><strong>revolveret</strong></span> <span class='ocrx_word' id='word_1_28' title='bbox 1362 645 1482 692; x_wconf 85' lang='lat' dir='ltr'><strong>infra</strong></span> <span class='ocrx_word' id='word_1_29' title='bbox 1502 661 1576 707; x_wconf 89' lang='lat' dir='ltr'><strong>se,</strong></span> <span class='ocrx_word' id='word_1_30' title='bbox 1601 644 1800 692; x_wconf 91' lang='lat' dir='ltr'><strong>demotis</strong></span> 
     </span>
     <span class='ocr_line' id='line_1_5' title="bbox 394 722 1801 789; baseline -0.001 -19"><span class='ocrx_word' id='word_1_31' title='bbox 394 738 451 769; x_wconf 82' lang='lat' dir='ltr'><strong>ex</strong></span> <span class='ocrx_word' id='word_1_32' title='bbox 467 738 553 771; x_wconf 81' lang='lat' dir='ltr'><strong>axe</strong></span> <span class='ocrx_word' id='word_1_33' title='bbox 568 723 791 786; x_wconf 85' lang='lat' dir='ltr'><strong>tenebris,</strong></span> <span class='ocrx_word' id='word_1_34' title='bbox 820 725 1063 788; x_wconf 86' lang='lat' dir='ltr'>cognoscit</span> <span class='ocrx_word' id='word_1_35' title='bbox 1084 741 1132 772; x_wconf 89' lang='lat' dir='ltr'><strong>se</strong></span> <span class='ocrx_word' id='word_1_36' title='bbox 1154 725 1239 789; x_wconf 89' lang='lat' dir='ltr'><strong>ipsi</strong></span> <span class='ocrx_word' id='word_1_37' title='bbox 1264 724 1369 770; x_wconf 85' lang='lat' dir='ltr'><strong>vico</strong></span> <span class='ocrx_word' id='word_1_38' title='bbox 1389 723 1710 788; x_wconf 90' lang='lat' dir='ltr'><strong>propinquum</strong></span> <span class='ocrx_word' id='word_1_39' title='bbox 1731 722 1801 769; x_wconf 86' lang='lat' dir='ltr'><strong>in·</strong></span> 
     </span>
     <span class='ocr_line' id='line_1_6' title="bbox 392 801 1798 867; baseline -0.001 -20"><span class='ocrx_word' id='word_1_40' title='bbox 392 809 462 847; x_wconf 89' lang='lat' dir='ltr'><strong>ter</strong></span> <span class='ocrx_word' id='word_1_41' title='bbox 484 802 688 867; x_wconf 91' lang='lat' dir='ltr'><strong>populos</strong></span> <span class='ocrx_word' id='word_1_42' title='bbox 715 801 924 865; x_wconf 80' lang='lat' dir='ltr'>divagari</span> <span class='ocrx_word' id='word_1_43' title='bbox 945 821 957 862; x_wconf 92' lang='lat'>;</span> <span class='ocrx_word' id='word_1_44' title='bbox 980 803 1241 865; x_wconf 89' lang='lat' dir='ltr'><strong>timensque</strong></span> <span class='ocrx_word' id='word_1_45' title='bbox 1260 818 1321 848; x_wconf 91' lang='lat' dir='ltr'><strong>ne</strong></span> <span class='ocrx_word' id='word_1_46' title='bbox 1341 801 1490 848; x_wconf 86' lang='lat' dir='ltr'><strong>scelus</strong></span> <span class='ocrx_word' id='word_1_47' title='bbox 1512 816 1650 848; x_wconf 89' lang='lat' dir='ltr'><strong>suum</strong></span> <span class='ocrx_word' id='word_1_48' title='bbox 1670 809 1798 864; x_wconf 86' lang='lat' dir='ltr'><strong>pate-</strong></span> 
     </span>
     <span class='ocr_line' id='line_1_7' title="bbox 393 877 1799 945; baseline -0.001 -21"><span class='ocrx_word' id='word_1_49' title='bbox 393 877 524 928; x_wconf 84' lang='lat' dir='ltr'><strong>fieret</strong></span> <span class='ocrx_word' id='word_1_50' title='bbox 561 878 755 945; x_wconf 92' lang='lat' dir='ltr'><strong>publico</strong></span> <span class='ocrx_word' id='word_1_51' title='bbox 789 897 900 926; x_wconf 92' lang='lat' dir='ltr'><strong>cum</strong></span> <span class='ocrx_word' id='word_1_52' title='bbox 936 880 1118 927; x_wconf 89' lang='lat' dir='ltr'><strong>cautela</strong></span> <span class='ocrx_word' id='word_1_53' title='bbox 1144 878 1311 943; x_wconf 85' lang='lat' dir='ltr'><strong>grandi</strong></span> <span class='ocrx_word' id='word_1_54' title='bbox 1342 878 1578 927; x_wconf 86' lang='lat' dir='ltr'>caballum</span> <span class='ocrx_word' id='word_1_55' title='bbox 1609 878 1659 925; x_wconf 90' lang='lat' dir='ltr'><strong>in</strong></span> <span class='ocrx_word' id='word_1_56' title='bbox 1691 877 1799 924; x_wconf 93' lang='lat' dir='ltr'><strong>loco</strong></span> 
     </span>
     <span class='ocr_line' id='line_1_8' title="bbox 390 956 1800 1022; baseline -0.001 -19"><span class='ocrx_word' id='word_1_57' title='bbox 390 957 519 1004; x_wconf 87' lang='lat' dir='ltr'><strong>unde</strong></span> <span class='ocrx_word' id='word_1_58' title='bbox 555 957 788 1022; x_wconf 86' lang='lat' dir='ltr'><strong>digressus</strong></span> <span class='ocrx_word' id='word_1_59' title='bbox 816 958 967 1006; x_wconf 71' lang='lat' dir='ltr'><strong>fuerat</strong></span> <span class='ocrx_word' id='word_1_60' title='bbox 1001 957 1289 1005; x_wconf 88' lang='lat' dir='ltr'><strong>reformavit.</strong></span> <span class='ocrx_word' id='word_1_61' title='bbox 1341 958 1418 1004; x_wconf 93' lang='lat' dir='ltr'><strong>Sic</strong></span> <span class='ocrx_word' id='word_1_62' title='bbox 1453 957 1594 1004; x_wconf 86' lang='lat' dir='ltr'><strong>miser</strong></span> <span class='ocrx_word' id='word_1_63' title='bbox 1630 956 1800 1002; x_wconf 84' lang='lat' dir='ltr'><strong>virtute</strong></span> 
     </span>
     <span class='ocr_line' id='line_1_9' title="bbox 390 1037 1800 1102; baseline -0.001 -18"><span class='ocrx_word' id='word_1_64' title='bbox 390 1038 609 1102; x_wconf 85' lang='lat' dir='ltr'><strong>martyris</strong></span> <span class='ocrx_word' id='word_1_65' title='bbox 628 1047 729 1085; x_wconf 87' lang='lat' dir='ltr'><strong>tota</strong></span> <span class='ocrx_word' id='word_1_66' title='bbox 743 1048 884 1086; x_wconf 89' lang='lat' dir='ltr'><strong>nocte</strong></span> <span class='ocrx_word' id='word_1_67' title='bbox 904 1037 1121 1087; x_wconf 90' lang='lat' dir='ltr'><strong>detentus</strong></span> <span class='ocrx_word' id='word_1_68' title='bbox 1141 1038 1192 1085; x_wconf 92' lang='lat' dir='ltr'><strong>in</strong></span> <span class='ocrx_word' id='word_1_69' title='bbox 1208 1039 1406 1086; x_wconf 89' lang='lat' dir='ltr'><strong>circuitu</strong></span> <span class='ocrx_word' id='word_1_70' title='bbox 1421 1038 1531 1099; x_wconf 84' lang='lat' dir='ltr'><strong>vici,</strong></span> <span class='ocrx_word' id='word_1_71' title='bbox 1556 1046 1620 1099; x_wconf 88' lang='lat' dir='ltr'><strong>et,</strong></span> <span class='ocrx_word' id='word_1_72' title='bbox 1641 1045 1694 1083; x_wconf 90' lang='lat' dir='ltr'><strong>ut</strong></span> <span class='ocrx_word' id='word_1_73' title='bbox 1712 1052 1800 1099; x_wconf 89' lang='lat' dir='ltr'><strong>ego</strong></span> 
     </span>
     <span class='ocr_line' id='line_1_10' title="bbox 388 1113 1801 1180; baseline 0 -20"><span class='ocrx_word' id='word_1_74' title='bbox 388 1114 561 1177; x_wconf 90' lang='lat' dir='ltr'><strong>credo,</strong></span> <span class='ocrx_word' id='word_1_75' title='bbox 592 1115 654 1163; x_wconf 88' lang='lat' dir='ltr'><strong>ab</strong></span> <span class='ocrx_word' id='word_1_76' title='bbox 685 1125 879 1164; x_wconf 89' lang='lat' dir='ltr'><strong>auctore</strong></span> <span class='ocrx_word' id='word_1_77' title='bbox 904 1116 987 1180; x_wconf 93' lang='lat' dir='ltr'><strong>qui</strong></span> <span class='ocrx_word' id='word_1_78' title='bbox 1014 1132 1126 1163; x_wconf 91' lang='lat' dir='ltr'><strong>eum</strong></span> <span class='ocrx_word' id='word_1_79' title='bbox 1154 1114 1403 1163; x_wconf 86' lang='lat' dir='ltr'><strong>obsederat</strong></span> <span class='ocrx_word' id='word_1_80' title='bbox 1429 1124 1499 1162; x_wconf 90' lang='lat' dir='ltr'><strong>est</strong></span> <span class='ocrx_word' id='word_1_81' title='bbox 1532 1113 1720 1162; x_wconf 90' lang='lat' dir='ltr'><strong>delusus</strong></span> <span class='ocrx_word' id='word_1_82' title='bbox 1748 1123 1801 1160; x_wconf 93' lang='lat' dir='ltr'><strong>ut</strong></span> 
     </span>
     <span class='ocr_line' id='line_1_11' title="bbox 388 1191 1801 1259; baseline 0.001 -22"><span class='ocrx_word' id='word_1_83' title='bbox 388 1191 516 1239; x_wconf 89' lang='lat' dir='ltr'><strong>viam</strong></span> <span class='ocrx_word' id='word_1_84' title='bbox 537 1209 683 1257; x_wconf 91' lang='lat' dir='ltr'><strong>quam</strong></span> <span class='ocrx_word' id='word_1_85' title='bbox 707 1192 1062 1259; x_wconf 86' lang='lat' dir='ltr'><strong>apprehendere</strong></span> <span class='ocrx_word' id='word_1_86' title='bbox 1083 1192 1233 1240; x_wconf 86' lang='lat' dir='ltr'><strong>voluit</strong></span> <span class='ocrx_word' id='word_1_87' title='bbox 1254 1209 1354 1239; x_wconf 89' lang='lat' dir='ltr'><strong>non</strong></span> <span class='ocrx_word' id='word_1_88' title='bbox 1370 1192 1560 1239; x_wconf 84' lang='lat' dir='ltr'><strong>valeret.</strong></span> <span class='ocrx_word' id='word_1_89' title='bbox 1596 1193 1640 1237; x_wconf 94' lang='grc' dir='ltr'><strong>Ο</strong></span> <span class='ocrx_word' id='word_1_90' title='bbox 1662 1191 1801 1238; x_wconf 90' lang='lat' dir='ltr'><strong>scele-</strong></span> 
     </span>
     <span class='ocr_line' id='line_1_12' title="bbox 387 1268 1798 1336; baseline 0 -21"><span class='ocrx_word' id='word_1_91' title='bbox 387 1279 489 1317; x_wconf 89' lang='lat' dir='ltr'><strong>rata</strong></span> <span class='ocrx_word' id='word_1_92' title='bbox 524 1270 778 1336; x_wconf 81' lang='lat' dir='ltr'><strong>cupiditaS,</strong></span> <span class='ocrx_word' id='word_1_93' title='bbox 817 1271 933 1336; x_wconf 90' lang='lat' dir='ltr'><strong>quid</strong></span> <span class='ocrx_word' id='word_1_94' title='bbox 968 1269 1088 1335; x_wconf 85' lang='lat' dir='ltr'><strong>agis!</strong></span> <span class='ocrx_word' id='word_1_95' title='bbox 1135 1287 1320 1336; x_wconf 88' lang='lat' dir='ltr'><strong>semper</strong></span> <span class='ocrx_word' id='word_1_96' title='bbox 1357 1279 1591 1317; x_wconf 89' lang='lat' dir='ltr'><strong>amatores</strong></span> <span class='ocrx_word' id='word_1_97' title='bbox 1618 1278 1726 1316; x_wconf 90' lang='lat' dir='ltr'><strong>tuos</strong></span> <span class='ocrx_word' id='word_1_98' title='bbox 1750 1268 1798 1315; x_wconf 91' lang='lat' dir='ltr'><strong>in</strong></span> 
     </span>
     <span class='ocr_line' id='line_1_13' title="bbox 387 1346 1010 1415; baseline 0.003 -22"><span class='ocrx_word' id='word_1_99' title='bbox 387 1346 717 1403; x_wconf 89' lang='lat' dir='ltr'><strong>confusionem</strong></span> <span class='ocrx_word' id='word_1_100' title='bbox 731 1349 1010 1415; x_wconf 79' lang='lat' dir='ltr'><strong>praecipitaS.</strong></span> 
     </span>
    </p>
   </div>
   <div class='ocr_carea' id='block_1_3' title="bbox 947 1486 1235 1526">
    <p class='ocr_par' dir='ltr' id='par_1_3' title="bbox 947 1486 1235 1526">
     <span class='ocr_line' id='line_1_14' title="bbox 947 1486 1235 1526; baseline 0.01 -3"><span class='ocrx_word' id='word_1_101' title='bbox 947 1487 1104 1523; x_wconf 82' lang='lat' dir='ltr'>CAPUT</span> <span class='ocrx_word' id='word_1_102' title='bbox 1133 1486 1235 1526; x_wconf 85' lang='lat' dir='ltr'>XIX.</span> 
     </span>
    </p>
   </div>
   <div class='ocr_carea' id='block_1_4' title="bbox 733 1570 1462 1619">
    <p class='ocr_par' dir='ltr' id='par_1_4' title="bbox 733 1570 1462 1619">
     <span class='ocr_line' id='line_1_15' title="bbox 733 1570 1462 1619; baseline -0.001 -13"><span class='ocrx_word' id='word_1_103' title='bbox 733 1571 785 1606; x_wconf 87' lang='lat' dir='ltr'><strong>De</strong></span> <span class='ocrx_word' id='word_1_104' title='bbox 801 1583 844 1605; x_wconf 91' lang='lat' dir='ltr'><strong>eo</strong></span> <span class='ocrx_word' id='word_1_105' title='bbox 859 1571 921 1618; x_wconf 90' lang='lat' dir='ltr'><strong>qui</strong></span> <span class='ocrx_word' id='word_1_106' title='bbox 938 1579 1087 1619; x_wconf 86' lang='lat' dir='ltr'><strong>propter</strong></span> <span class='ocrx_word' id='word_1_107' title='bbox 1101 1571 1265 1605; x_wconf 82' lang='lat' dir='ltr'><strong>triantem</strong></span> <span class='ocrx_word' id='word_1_108' title='bbox 1281 1570 1462 1617; x_wconf 82' lang='lat' dir='ltr'><strong>pejeravit.</strong></span> 
     </span>
    </p>
   </div>
   <div class='ocr_carea' id='block_1_5' title="bbox 378 1651 1800 2805">
    <p class='ocr_par' dir='ltr' id='par_1_5' title="bbox 378 1651 1800 2805">
     <span class='ocr_line' id='line_1_16' title="bbox 450 1651 1800 1717; baseline 0 -19"><span class='ocrx_word' id='word_1_109' title='bbox 450 1651 658 1708; x_wconf 86' lang='lat' dir='ltr'><strong>Quidam</strong></span> <span class='ocrx_word' id='word_1_110' title='bbox 693 1653 826 1700; x_wconf 86' lang='lat' dir='ltr'><strong>alteri</strong></span> <span class='ocrx_word' id='word_1_111' title='bbox 865 1654 1085 1700; x_wconf 87' lang='lat' dir='ltr'><strong>triantem</strong></span> <span class='ocrx_word' id='word_1_112' title='bbox 1128 1653 1423 1717; x_wconf 70' lang='lat' dir='ltr'><strong>praestiterat,</strong></span> <span class='ocrx_word' id='word_1_113' title='bbox 1461 1668 1623 1716; x_wconf 90' lang='lat' dir='ltr'><strong>quem,</strong></span> <span class='ocrx_word' id='word_1_114' title='bbox 1659 1651 1800 1699; x_wconf 88' lang='lat' dir='ltr'><strong>inter-</strong></span> 
     </span>
     <span class='ocr_line' id='line_1_17' title="bbox 383 1728 1797 1795; baseline 0.001 -21"><span class='ocrx_word' id='word_1_115' title='bbox 383 1729 546 1792; x_wconf 90' lang='lat' dir='ltr'><strong>positis</strong></span> <span class='ocrx_word' id='word_1_116' title='bbox 558 1730 722 1794; x_wconf 88' lang='lat' dir='ltr'><strong>paucis</strong></span> <span class='ocrx_word' id='word_1_117' title='bbox 735 1729 919 1792; x_wconf 85' lang='lat' dir='ltr'><strong>diebus,</strong></span> <span class='ocrx_word' id='word_1_118' title='bbox 937 1731 1129 1795; x_wconf 82' lang='lat' dir='ltr'><strong>recepit.</strong></span> <span class='ocrx_word' id='word_1_119' title='bbox 1149 1733 1259 1777; x_wconf 91' lang='lat' dir='ltr'><strong>Post</strong></span> <span class='ocrx_word' id='word_1_120' title='bbox 1273 1746 1453 1776; x_wconf 88' lang='lat' dir='ltr'><strong>annum</strong></span> <span class='ocrx_word' id='word_1_121' title='bbox 1464 1745 1595 1788; x_wconf 81' lang='lat' dir='ltr'><strong>vem,</strong></span> <span class='ocrx_word' id='word_1_122' title='bbox 1611 1729 1662 1776; x_wconf 92' lang='lat' dir='ltr'><strong>in</strong></span> <span class='ocrx_word' id='word_1_123' title='bbox 1676 1728 1797 1776; x_wconf 89' lang='lat' dir='ltr'><strong>atrio</strong></span> 
     </span>
     <span class='ocr_line' id='line_1_18' title="bbox 383 1806 1798 1871; baseline 0.001 -19"><span class='ocrx_word' id='word_1_124' title='bbox 383 1806 530 1853; x_wconf 89' lang='lat' dir='ltr'><strong>sancti</strong></span> <span class='ocrx_word' id='word_1_125' title='bbox 563 1817 801 1855; x_wconf 90' lang='lat' dir='ltr'><strong>convento</strong></span> <span class='ocrx_word' id='word_1_126' title='bbox 828 1808 1051 1870; x_wconf 88' lang='lat' dir='ltr'><strong>homine,</strong></span> <span class='ocrx_word' id='word_1_127' title='bbox 1088 1824 1190 1854; x_wconf 89' lang='lat' dir='ltr'><strong>rem</strong></span> <span class='ocrx_word' id='word_1_128' title='bbox 1220 1823 1354 1855; x_wconf 91' lang='lat' dir='ltr'><strong>suam</strong></span> <span class='ocrx_word' id='word_1_129' title='bbox 1383 1807 1517 1871; x_wconf 91' lang='lat' dir='ltr'><strong>quasi</strong></span> <span class='ocrx_word' id='word_1_130' title='bbox 1548 1823 1647 1854; x_wconf 89' lang='lat' dir='ltr'><strong>non</strong></span> <span class='ocrx_word' id='word_1_131' title='bbox 1677 1822 1798 1854; x_wconf 86' lang='lat' dir='ltr'><strong>rece-</strong></span> 
     </span>
     <span class='ocr_line' id='line_1_19' title="bbox 380 1883 1797 1952; baseline 0.001 -22"><span class='ocrx_word' id='word_1_132' title='bbox 380 1883 523 1947; x_wconf 91' lang='lat' dir='ltr'><strong>pisset</strong></span> <span class='ocrx_word' id='word_1_133' title='bbox 551 1884 641 1932; x_wconf 87' lang='lat' dir='ltr'><strong>sibi</strong></span> <span class='ocrx_word' id='word_1_134' title='bbox 673 1885 809 1933; x_wconf 89' lang='lat' dir='ltr'><strong>reddi</strong></span> <span class='ocrx_word' id='word_1_135' title='bbox 842 1885 1145 1952; x_wconf 87' lang='lat' dir='ltr'><strong>deposcebat.</strong></span> <span class='ocrx_word' id='word_1_136' title='bbox 1187 1888 1243 1932; x_wconf 88' lang='lat' dir='ltr'><strong>At</strong></span> <span class='ocrx_word' id='word_1_137' title='bbox 1265 1885 1342 1932; x_wconf 90' lang='lat' dir='ltr'><strong>ille</strong></span> <span class='ocrx_word' id='word_1_138' title='bbox 1364 1884 1601 1933; x_wconf 90' lang='lat' dir='ltr'><strong>detestans</strong></span> <span class='ocrx_word' id='word_1_139' title='bbox 1626 1900 1797 1932; x_wconf 88' lang='lat' dir='ltr'><strong>assere-</strong></span> 
     </span>
     <span class='ocr_line' id='line_1_20' title="bbox 382 1959 1797 2028; baseline 0.002 -22"><span class='ocrx_word' id='word_1_140' title='bbox 382 1959 464 2008; x_wconf 87' lang='lat' dir='ltr'><strong>bat</strong></span> <span class='ocrx_word' id='word_1_141' title='bbox 482 1978 531 2009; x_wconf 92' lang='lat' dir='ltr'><strong>se</strong></span> <span class='ocrx_word' id='word_1_142' title='bbox 550 1962 810 2010; x_wconf 88' lang='lat' dir='ltr'><strong>reddidisse</strong></span> <span class='ocrx_word' id='word_1_143' title='bbox 829 1973 1116 2028; x_wconf 90' lang='lat' dir='ltr'><strong>susceptum.</strong></span> <span class='ocrx_word' id='word_1_144' title='bbox 1149 1965 1365 2025; x_wconf 90' lang='lat' dir='ltr'><strong>Cumque</strong></span> <span class='ocrx_word' id='word_1_145' title='bbox 1389 1962 1648 2010; x_wconf 89' lang='lat' dir='ltr'><strong>diutissime</strong></span> <span class='ocrx_word' id='word_1_146' title='bbox 1663 1962 1797 2010; x_wconf 87' lang='lat' dir='ltr'><strong>alter-</strong></span> 
     </span>
     <span class='ocr_line' id='line_1_21' title="bbox 381 2039 1796 2104; baseline 0.002 -21"><span class='ocrx_word' id='word_1_147' title='bbox 381 2048 618 2099; x_wconf 89' lang='lat' dir='ltr'><strong>carentur,</strong></span> <span class='ocrx_word' id='word_1_148' title='bbox 634 2039 712 2087; x_wconf 91' lang='lat' dir='ltr'><strong>ille</strong></span> <span class='ocrx_word' id='word_1_149' title='bbox 730 2040 813 2104; x_wconf 93' lang='lat' dir='ltr'><strong>qui</strong></span> <span class='ocrx_word' id='word_1_150' title='bbox 827 2039 1101 2087; x_wconf 89' lang='lat' dir='ltr'><strong>reddiderat</strong></span> <span class='ocrx_word' id='word_1_151' title='bbox 1112 2039 1177 2087; x_wconf 86' lang='lat' dir='ltr'><strong>ait</strong></span> <span class='ocrx_word' id='word_1_152' title='bbox 1196 2039 1258 2086; x_wconf 90' lang='lat' dir='ltr'><strong>ad</strong></span> <span class='ocrx_word' id='word_1_153' title='bbox 1271 2039 1453 2086; x_wconf 91' lang='lat' dir='ltr'><strong>socium</strong></span> <span class='ocrx_word' id='word_1_154' title='bbox 1469 2057 1480 2085; x_wconf 88' lang='lat'>:</span> <span class='ocrx_word' id='word_1_155' title='bbox 1500 2059 1522 2082; x_wconf 89' lang='lat'>«</span> <span class='ocrx_word' id='word_1_156' title='bbox 1538 2042 1796 2103; x_wconf 89' lang='lat' dir='ltr'><strong>Usquequo</strong></span> 
     </span>
     <span class='ocr_line' id='line_1_22' title="bbox 382 2116 1798 2182; baseline 0.001 -20"><span class='ocrx_word' id='word_1_157' title='bbox 382 2125 581 2180; x_wconf 88' lang='lat' dir='ltr'><strong>uterque</strong></span> <span class='ocrx_word' id='word_1_158' title='bbox 608 2117 976 2166; x_wconf 80' lang='lat' dir='ltr'><strong>contendimus?</strong></span> <span class='ocrx_word' id='word_1_159' title='bbox 1006 2117 1095 2165; x_wconf 91' lang='lat' dir='ltr'><strong>sub</strong></span> <span class='ocrx_word' id='word_1_160' title='bbox 1122 2117 1302 2181; x_wconf 89' lang='lat' dir='ltr'><strong>judicio</strong></span> <span class='ocrx_word' id='word_1_161' title='bbox 1332 2116 1428 2164; x_wconf 93' lang='lat' dir='ltr'><strong>hoc</strong></span> <span class='ocrx_word' id='word_1_162' title='bbox 1460 2117 1798 2182; x_wconf 89' lang='lat' dir='ltr'><strong>omnipotentis</strong></span> 
     </span>
     <span class='ocr_line' id='line_1_23' title="bbox 381 2194 1797 2260; baseline 0.001 -20"><span class='ocrx_word' id='word_1_163' title='bbox 381 2194 469 2241; x_wconf 93' lang='lat' dir='ltr'><strong>Dei</strong></span> <span class='ocrx_word' id='word_1_164' title='bbox 496 2211 750 2260; x_wconf 91' lang='lat' dir='ltr'><strong>ponamus.</strong></span> <span class='ocrx_word' id='word_1_165' title='bbox 782 2198 955 2244; x_wconf 88' lang='lat' dir='ltr'><strong>Eamus</strong></span> <span class='ocrx_word' id='word_1_166' title='bbox 985 2195 1047 2243; x_wconf 93' lang='lat' dir='ltr'><strong>ad</strong></span> <span class='ocrx_word' id='word_1_167' title='bbox 1074 2196 1311 2243; x_wconf 90' lang='lat' dir='ltr'><strong>tumulum</strong></span> <span class='ocrx_word' id='word_1_168' title='bbox 1335 2195 1551 2259; x_wconf 83' lang='lat' dir='ltr'><strong>martyris</strong></span> <span class='ocrx_word' id='word_1_169' title='bbox 1585 2204 1632 2242; x_wconf 92' lang='lat' dir='ltr'><strong>et</strong></span> <span class='ocrx_word' id='word_1_170' title='bbox 1664 2194 1797 2258; x_wconf 90' lang='lat' dir='ltr'><strong>quod</strong></span> 
     </span>
     <span class='ocr_line' id='line_1_24' title="bbox 381 2271 1796 2339; baseline 0.001 -22"><span class='ocrx_word' id='word_1_171' title='bbox 381 2271 471 2318; x_wconf 91' lang='lat' dir='ltr'><strong>sub</strong></span> <span class='ocrx_word' id='word_1_172' title='bbox 496 2274 778 2322; x_wconf 87' lang='lat' dir='ltr'><strong>sacramenti</strong></span> <span class='ocrx_word' id='word_1_173' title='bbox 801 2273 1161 2339; x_wconf 88' lang='lat' dir='ltr'><strong>interpositione</strong></span> <span class='ocrx_word' id='word_1_174' title='bbox 1183 2272 1356 2319; x_wconf 88' lang='lat' dir='ltr'><strong>dixeris</strong></span> <span class='ocrx_word' id='word_1_175' title='bbox 1385 2272 1619 2319; x_wconf 88' lang='lat' dir='ltr'><strong>discernat</strong></span> <span class='ocrx_word' id='word_1_176' title='bbox 1648 2272 1796 2318; x_wconf 84' lang='lat' dir='ltr'><strong>virtus</strong></span> 
     </span>
     <span class='ocr_line' id='line_1_25' title="bbox 382 2349 1796 2416; baseline 0 -21"><span class='ocrx_word' id='word_1_177' title='bbox 382 2359 544 2397; x_wconf 88' lang='lat' dir='ltr'><strong>sancta</strong></span> <span class='ocrx_word' id='word_1_178' title='bbox 564 2352 774 2416; x_wconf 86' lang='lat' dir='ltr'><strong>patroni.</strong></span> <span class='ocrx_word' id='word_1_179' title='bbox 791 2372 815 2395; x_wconf 85' lang='lat'>»</span> <span class='ocrx_word' id='word_1_180' title='bbox 843 2354 901 2399; x_wconf 87' lang='lat' dir='ltr'><strong>At</strong></span> <span class='ocrx_word' id='word_1_181' title='bbox 921 2351 999 2398; x_wconf 91' lang='lat' dir='ltr'><strong>ille</strong></span> <span class='ocrx_word' id='word_1_182' title='bbox 1015 2367 1104 2398; x_wconf 89' lang='lat' dir='ltr'><strong>nec</strong></span> <span class='ocrx_word' id='word_1_183' title='bbox 1122 2349 1345 2397; x_wconf 88' lang='lat' dir='ltr'><strong>dubitans</strong></span> <span class='ocrx_word' id='word_1_184' title='bbox 1373 2349 1701 2414; x_wconf 84' lang='lat' dir='ltr'><strong>ingressusque</strong></span> <span class='ocrx_word' id='word_1_185' title='bbox 1722 2364 1796 2396; x_wconf 83' lang='lat' dir='ltr'><strong>se-</strong></span> 
     </span>
     <span class='ocr_line' id='line_1_26' title="bbox 379 2426 1796 2492; baseline -0.001 -18"><span class='ocrx_word' id='word_1_186' title='bbox 379 2427 619 2491; x_wconf 81' lang='lat' dir='ltr'><strong>pulcrum,</strong></span> <span class='ocrx_word' id='word_1_187' title='bbox 644 2429 763 2477; x_wconf 92' lang='lat' dir='ltr'><strong>dum</strong></span> <span class='ocrx_word' id='word_1_188' title='bbox 785 2428 1011 2477; x_wconf 89' lang='lat' dir='ltr'><strong>audacter</strong></span> <span class='ocrx_word' id='word_1_189' title='bbox 1021 2429 1173 2476; x_wconf 87' lang='lat' dir='ltr'><strong>elevat</strong></span> <span class='ocrx_word' id='word_1_190' title='bbox 1186 2443 1356 2474; x_wconf 89' lang='lat' dir='ltr'><strong>manus</strong></span> <span class='ocrx_word' id='word_1_191' title='bbox 1371 2436 1424 2474; x_wconf 93' lang='lat' dir='ltr'><strong>ut</strong></span> <span class='ocrx_word' id='word_1_192' title='bbox 1437 2427 1707 2492; x_wconf 85' lang='lat' dir='ltr'><strong>pejeraret¹,</strong></span> <span class='ocrx_word' id='word_1_193' title='bbox 1726 2426 1796 2473; x_wconf 91' lang='lat' dir='ltr'><strong>in-</strong></span> 
     </span>
     <span class='ocr_line' id='line_1_27' title="bbox 383 2503 1796 2570; baseline 0.001 -21"><span class='ocrx_word' id='word_1_194' title='bbox 383 2503 580 2552; x_wconf 87' lang='lat' dir='ltr'><strong>feliciter</strong></span> <span class='ocrx_word' id='word_1_195' title='bbox 601 2506 743 2554; x_wconf 90' lang='lat' dir='ltr'><strong>miser</strong></span> <span class='ocrx_word' id='word_1_196' title='bbox 773 2507 981 2570; x_wconf 83' lang='lat' dir='ltr'><strong>inriguit.</strong></span> <span class='ocrx_word' id='word_1_197' title='bbox 1020 2509 1173 2553; x_wconf 88' lang='lat' dir='ltr'><strong>Haeret</strong></span> <span class='ocrx_word' id='word_1_198' title='bbox 1199 2521 1294 2552; x_wconf 84' lang='lat' dir='ltr'><strong>vox</strong></span> <span class='ocrx_word' id='word_1_199' title='bbox 1316 2504 1367 2551; x_wconf 93' lang='lat' dir='ltr'><strong>in</strong></span> <span class='ocrx_word' id='word_1_200' title='bbox 1385 2514 1598 2568; x_wconf 84' lang='lat' dir='ltr'><strong>gutture,</strong></span> <span class='ocrx_word' id='word_1_201' title='bbox 1634 2503 1796 2567; x_wconf 86' lang='lat' dir='ltr'><strong>lingua</strong></span> 
     </span>
     <span class='ocr_line' id='line_1_28' title="bbox 380 2581 1789 2645; baseline -0.001 -17"><span class='ocrx_word' id='word_1_202' title='bbox 380 2593 649 2630; x_wconf 83' lang='lat' dir='ltr'><strong>coarctatur</strong></span> <span class='ocrx_word' id='word_1_203' title='bbox 669 2585 719 2630; x_wconf 90' lang='lat' dir='ltr'><strong>in</strong></span> <span class='ocrx_word' id='word_1_204' title='bbox 742 2584 877 2632; x_wconf 88' lang='lat' dir='ltr'><strong>fauce</strong></span> <span class='ocrx_word' id='word_1_205' title='bbox 892 2621 905 2645; x_wconf 90' lang='lat'>‚</span> <span class='ocrx_word' id='word_1_206' title='bbox 935 2583 1127 2631; x_wconf 85' lang='lat' dir='ltr'><strong>vibrant</strong></span> <span class='ocrx_word' id='word_1_207' title='bbox 1154 2581 1282 2630; x_wconf 90' lang='lat' dir='ltr'><strong>labia</strong></span> <span class='ocrx_word' id='word_1_208' title='bbox 1308 2597 1459 2630; x_wconf 86' lang='lat' dir='ltr'><strong>vacua</strong></span> <span class='ocrx_word' id='word_1_209' title='bbox 1486 2598 1516 2630; x_wconf 90' lang='lat' dir='ltr'><strong>a</strong></span> <span class='ocrx_word' id='word_1_210' title='bbox 1540 2597 1789 2630; x_wconf 88' lang='lat' dir='ltr'><strong>sermone:</strong></span> 
     </span>
     <span class='ocr_line' id='line_1_29' title="bbox 379 2656 1795 2725; baseline 0.001 -22"><span class='ocrx_word' id='word_1_211' title='bbox 379 2656 478 2722; x_wconf 88' lang='lat' dir='ltr'><strong>ipsa</strong></span> <span class='ocrx_word' id='word_1_212' title='bbox 502 2676 695 2725; x_wconf 90' lang='lat' dir='ltr'><strong>quoque</strong></span> <span class='ocrx_word' id='word_1_213' title='bbox 716 2661 914 2710; x_wconf 89' lang='lat' dir='ltr'><strong>brachia</strong></span> <span class='ocrx_word' id='word_1_214' title='bbox 929 2698 942 2723; x_wconf 92' lang='lat'>‚</span> <span class='ocrx_word' id='word_1_215' title='bbox 980 2677 1085 2725; x_wconf 87' lang='lat' dir='ltr'><strong>quae</strong></span> <span class='ocrx_word' id='word_1_216' title='bbox 1105 2660 1168 2708; x_wconf 91' lang='lat' dir='ltr'><strong>ad</strong></span> <span class='ocrx_word' id='word_1_217' title='bbox 1185 2659 1475 2723; x_wconf 88' lang='lat' dir='ltr'><strong>adjutorium</strong></span> <span class='ocrx_word' id='word_1_218' title='bbox 1499 2658 1705 2706; x_wconf 87' lang='lat' dir='ltr'><strong>frustrati</strong></span> <span class='ocrx_word' id='word_1_219' title='bbox 1725 2672 1795 2704; x_wconf 89' lang='lat' dir='ltr'><strong>sa·</strong></span> 
     </span>
     <span class='ocr_line' id='line_1_30' title="bbox 378 2733 1792 2805; baseline -0.001 -23"><span class='ocrx_word' id='word_1_220' title='bbox 378 2739 608 2785; x_wconf 83' lang='lat' dir='ltr'><strong>eramenti</strong></span> <span class='ocrx_word' id='word_1_221' title='bbox 637 2749 871 2801; x_wconf 81' lang='lat' dir='ltr'><strong>erexerat,</strong></span> <span class='ocrx_word' id='word_1_222' title='bbox 905 2736 1100 2805; x_wconf 80' lang='lat' dir='ltr'><strong>prorsus</strong></span> <span class='ocrx_word' id='word_1_223' title='bbox 1117 2737 1356 2784; x_wconf 88' lang='lat' dir='ltr'><strong>retrahere</strong></span> <span class='ocrx_word' id='word_1_224' title='bbox 1377 2754 1476 2784; x_wconf 90' lang='lat' dir='ltr'><strong>non</strong></span> <span class='ocrx_word' id='word_1_225' title='bbox 1497 2735 1697 2784; x_wconf 84' lang='lat' dir='ltr'><strong>valebat.</strong></span> <span class='ocrx_word' id='word_1_226' title='bbox 1724 2733 1792 2780; x_wconf 82' lang='lat' dir='ltr'><strong>Ad</strong></span> 
     </span>
    </p>
   </div>
   <div class='ocr_carea' id='block_1_6' title="bbox 428 2871 834 2950">
    <p class='ocr_par' dir='ltr' id='par_1_6' title="bbox 428 2871 834 2950">
     <span class='ocr_line' id='line_1_31' title="bbox 428 2871 834 2950; baseline 0.01 -15"><span class='ocrx_word' id='word_1_227' title='bbox 428 2901 483 2948; x_wconf 80' lang='grc'><strong>(1)</strong></span> <span class='ocrx_word' id='word_1_228' title='bbox 504 2871 834 2950; x_wconf 59' lang='lat' dir='ltr'><strong>zaossfp‘erjuret.</strong></span> 
     </span>
    </p>
   </div>
  </div>
 </body>
</html>
