2002 3418
431 564 1358 690 EcLAIRclssEMENTs

599 774 672 818 ET
719 769 1183 818 OBSERVATIONS.

771 1011 871 1048 sz
896 1021 1027 1049 mxx.

243 1117 277 1156 n
298 1130 324 1156 a
339 1118 400 1157 ete
416 1118 606 1170 question,
626 1118 711 1170 plus
728 1116 836 1164 haut,
856 1116 923 1155 des
940 1115 1069 1155 lettres
1090 1127 1166 1167 que
1181 1115 1260 1153 l'on
1278 1122 1414 1153 trouve
1434 1113 1529 1154 dans
1557 1113 1594 1152 la

192 1182 520 1234 correspondance
536 1183 584 1221 de
604 1182 694 1220 dom
707 1181 869 1220 Ruinart
885 1181 1149 1230 relativement
1164 1194 1216 1220 au
1233 1180 1367 1219 travail
1385 1180 1478 1219 dont
1493 1181 1595 1219 Gre-

191 1249 297 1300 goire
313 1248 362 1288 de
377 1251 497 1287 Tours
514 1261 537 1287 a
556 1248 616 1286 ete
629 1247 760 1296 l'objet
778 1247 826 1286 de
844 1260 886 1286 sa
903 1255 1002 1299 part.
1028 1247 1135 1286 Voiei
1151 1246 1206 1285 les
1223 1245 1451 1300 principales
1468 1239 1609 1298 piecoe‘

190 1314 411 1367 auxquelles
430 1327 529 1353 nous
546 1314 700 1352 saisions
714 1312 890 1351 allusion.

427 1411 523 1447 Dom
542 1411 705 1447 Ruinart
717 1408 744 1445 ὰ
759 1411 855 1447 Jean
873 1410 1051 1455 Sekilter,
1068 1411 1093 1446 2
1114 1420 1215 1445 mars
1228 1408 1350 1446 1699.

241 1490 427 1531 Absoluta
442 1491 598 1530 tandem
615 1499 674 1530 est
689 1520 701 1539 ,
717 1491 779 1529 vir
795 1490 1005 1530 clarissime
1016 1520 1028 1538 ,
1048 1489 1169 1529 nostri
1199 1488 1375 1543 Gregorii
1390 1490 1593 1528 Turonen-

189 1555 240 1594 sis
257 1568 418 1608 operum
434 1569 538 1595 nova
561 1555 692 1603 editio,
712 1554 822 1604 cujus
842 1568 962 1594 unum
986 1555 1183 1608 exemplar
1209 1562 1276 1593 tuo
1297 1553 1547 1607 (mandarat-io
1562 1555 1593 1603 ἲ)

188 1621 316 1661 bacin
326 1620 423 1661 urbe
441 1621 595 1674 degenti
610 1620 661 1660 ad
678 1629 716 1660 te
734 1620 1068 1660 transmittendum
1083 1619 1272 1667 commisi,
1292 1618 1398 1671 quod
1417 1618 1528 1658 brevi
1549 1626 1592 1658 ut

185 1687 269 1740 ipse
285 1686 380 1726 mihi
396 1694 553 1726 testatus
573 1694 631 1725 est
650 1695 736 1725 tuas
758 1685 802 1725 in
830 1698 966 1725 manus
989 1684 1183 1726 deveniet.
1206 1687 1291 1723 Hoc
1307 1697 1405 1736 opus
1425 1697 1449 1723 a
1462 1691 1501 1723 te
1520 1682 1593 1723 be-

185 1751 304 1805 nigno
326 1752 438 1791 vultu
454 1750 738 1804 suscipiendum
755 1751 841 1791 fore
859 1763 974 1804 spero
996 1749 1103 1802 quod
1127 1757 1166 1789 te
1188 1748 1416 1789 adhortante
1441 1758 1480 1788 et
1503 1749 1591 1788 ani-

185 1829 292 1856 mum
319 1816 520 1866 adjiciente
536 1816 587 1856 ad
607 1816 725 1856 finem
752 1829 875 1868 usque
891 1815 1123 1869 perductum
1151 1822 1222 1854 est.
1251 1814 1406 1854 Utinam
1426 1813 1523 1852 mihi
1539 1814 1591 1852 li—

186 1882 326 1921 cuisset
351 1882 488 1934 saepins
520 1881 595 1920 tuis
619 1881 678 1920 uti
702 1881 870 1920 consiliis
888 1893 934 1919 ac
955 1879 1086 1920 verbis
1108 1880 1246 1919 instrui
1272 1878 1320 1918 ad
1338 1878 1593 1918 enucleandas
1639 1917 1647 1925 ,

184 1960 270 2000 quae
287 1946 381 1986 mihi
403 1947 545 1999 passim
566 1954 814 1985 occurrerunt
836 1946 1092 1985 difficultates.
1114 1947 1199 1984 Hoc
1218 1957 1309 1983 sane
1326 1944 1421 1982 mihi
1440 1944 1593 1990 utilissir

185 2024 293 2051 mum
315 2011 471 2061 fuisset5
493 2024 631 2050 verum
655 2011 688 2050 si
714 2010 880 2050 eruditio
904 2003 1114 2062 aliquando
1137 2009 1274 2057 defuit,
1301 2008 1343 2048 id
1366 2021 1520 2061 semper
1546 2009 1588 2047 in

185 2075 315 2116 animo
334 2075 454 2115 habui
471 2084 514 2115 ut
530 2089 742 2128 numquam
760 2076 957 2115 sinceritas
974 2075 1270 2123 desideraretur,
1292 2073 1530 2126 potissimum
1547 2074 1589 2113 in

184 2141 410 2180 exhibendis
429 2141 547 2180 variis
580 2141 757 2181 codicum
788 2150 963 2181 veterum
990 2139 1232 2190 lectionibus,
1267 2139 1398 2191 sicque
1418 2140 1527 2178 fieret
1547 2147 1590 2178 ut

183 2207 216 2246 si
238 2207 314 2246 illae
331 2206 515 2246 lectiones
531 2219 627 2259 quas
648 2221 729 2260 prae
746 2207 883 2247 ceteris
906 2205 1066 2246 adhibui
1091 2205 1285 2245 nonnullis
1317 2205 1476 2244 fortasse
1505 2204 1586 2243 dis-

182 2273 362 2326 pliceant,
384 2272 461 2311 viri
484 2272 625 2312 eruditi
641 2273 736 2312 alias
759 2286 844 2325 quae
867 2273 908 2311 in
940 2271 1176 2324 marginibus
1199 2270 1393 2310 habentur
1422 2284 1494 2322 pro
1517 2283 1588 2310 suo

182 2337 295 2377 libitu
317 2338 495 2391 amplecti
514 2337 679 2390 possint;
705 2347 743 2378 et
763 2351 872 2386 sane,
889 2346 932 2376 ut
952 2337 1109 2390 quidem
1131 2336 1227 2375 mihi
1244 2336 1412 2384 videtur,
1431 2335 1519 2387 plus
1546 2335 1587 2374 in

181 2404 369 2454 ejusmodi
397 2404 630 2444 adornandis
655 2406 760 2445 valet
783 2405 931 2444 sincera
963 2404 1184 2457 simplicitas
1213 2415 1328 2454 quam
1365 2402 1485 2440 multa
1510 2414 1586 2441 au-

182 2470 307 2510 dentis
330 2483 620 2522 nonnumquam
655 2471 856 2510 temeraria
887 2470 1067 2510 eruditio.
1088 2471 1265 2510 Ceterum
1287 2468 1319 2506 si
1344 2466 1501 2519 aliquod
1519 2480 1585 2506 er·-

181 2545 306 2575 ratum
318 2546 509 2584 occurrat,
525 2537 620 2576 mihi
635 2536 780 2576 tribuas
796 2537 914 2576 velim
932 2545 984 2584 et,
1000 2536 1032 2575 si
1044 2548 1202 2574 monere
1218 2548 1299 2573 non
1313 2533 1483 2586 graveris
1496 2547 1583 2572 cum

181 2601 305 2652 prima
320 2614 403 2641 sese
418 2602 554 2641 offeret
569 2602 736 2652 occasio,
762 2602 802 2641 id
825 2615 887 2641 me
904 2601 1197 2640 emendaturum
1213 2598 1399 2651 spondeo.
1424 2598 1583 2638 Interim

183 2679 244 2704 me
263 2666 318 2704 tui
340 2666 715 2706 observantissimum
739 2680 869 2706 amare
889 2680 1042 2720 pergas,
1068 2667 1128 2705 vir
1144 2664 1413 2705 eruditissime.
1437 2667 1486 2703 D.
1507 2666 1582 2702 Jo-

181 2731 326 2770 hannes
341 2731 524 2771 Mabillon
548 2732 755 2785 plurimum
773 2741 810 2772 te
838 2732 986 2772 salvere
1009 2731 1134 2785 jubet.
1178 2728 1327 2770 Dabam
1349 2728 1502 2769 Parisiis
1539 2728 1580 2767 in

182 2809 263 2848 reg.
297 2795 447 2835 abbatia
471 2801 510 2837 S.
544 2797 725 2836 Germani
758 2811 781 2836 a
810 2798 952 2849 pratis;
972 2811 1012 2835 v1
1042 2809 1162 2835 nonas
1188 2795 1314 2834 martii
1335 2796 1453 2833 1699.
