2002 3418
371 337 447 374 224
767 340 832 377 DE
863 340 1050 378 GLomA
1080 342 1375 379 MARTYRUM.

891 463 1047 499 CAPUT
1072 464 1238 500 LXXXI.

501 556 553 590 De
570 556 792 591 altercatione
806 557 971 593 catholici
985 558 1128 593 diaconi
1146 572 1229 594 cum
1245 561 1449 609 presbytero
1468 561 1647 596 haeretico.

432 650 735 697 Arrianorum
774 651 1020 716 presbyter
1066 669 1175 699 cum
1219 654 1423 700 diacono
1466 664 1636 701 nostrae
1677 655 1779 702 reli-

369 728 520 789 gionis
553 728 907 776 altercationem
941 729 1170 792 habebat,
1209 731 1456 795 proferens
1489 724 1655 780 contra
1689 733 1777 779 Dei

367 804 535 851 Filium
563 822 618 852 ac
649 807 874 871 Spiritum
913 818 1151 869 sanctum,
1187 818 1252 855 ut·
1278 824 1383 856 mos
1414 819 1483 856 est
1517 810 1643 872 genti
1678 808 1772 870 illi,

366 897 627 930 venenosas
661 884 954 931 assertiones.
991 886 1044 931 At
1081 885 1176 945 ille,
1215 903 1326 933 cum
1363 886 1445 932 diu
1482 886 1777 949 multumque

365 959 598 1006 nonnulla
620 959 680 1006 de
701 959 813 1007 fidei
837 971 1008 1008 nostrae
1030 963 1212 1009 ratione
1235 963 1543 1025 disseruisset,
1568 972 1615 1009 et
1633 962 1778 1010 haere·

366 1036 501 1094 ticus,
525 1035 734 1101 perfidiae
756 1037 1020 1086 obcaecatus
1044 1039 1260 1102 caligine,
1282 1057 1385 1104 quae
1404 1050 1538 1088 erant
1563 1056 1676 1087 vera
1697 1056 1776 1087 re-

365 1125 575 1179 spueret,
598 1115 731 1179 juxta
750 1116 885 1179 illud,
910 1117 1023 1180 quia
1047 1119 1107 1164 In
1134 1118 1411 1165 malevolam
1440 1120 1654 1165 animam
1681 1135 1776 1164 non

366 1191 580 1240 introibit
615 1195 849 1258 sapientia
863 1196 894 1255 ¹,
929 1194 1124 1258 adjecit,
1159 1195 1322 1242 dicens
1355 1213 1366 1241 ε
1409 1214 1432 1240 α
1463 1194 1591 1253 Quid
1625 1195 1779 1258 longis

364 1272 819 1319 sermocinationum
854 1272 1198 1319 intentionibus
1233 1272 1513 1336 fatigamur?
1547 1271 1679 1319 factis
1711 1271 1777 1318 rei

363 1348 535 1396 veritas
573 1348 864 1415 approbetur
901 1368 912 1396 z
952 1349 1266 1397 succendatur
1300 1350 1398 1413 igni
1434 1365 1608 1411 aeneus,
1647 1358 1694 1395 et
1729 1349 1778 1395 in

364 1427 561 1474 ferventi
582 1444 706 1492 aqua
729 1429 932 1476 annulus
957 1429 1204 1492 cujusdam
1226 1429 1517 1494 projiciatur.
1547 1428 1642 1486 Qui
1663 1443 1778 1474 vero

365 1520 476 1551 eum
497 1521 554 1552 ex
571 1505 767 1552 ferventi
786 1505 918 1553 unda
938 1507 1189 1569 sustulerit,
1216 1507 1294 1553 ille
1308 1507 1535 1570 justitiam
1553 1505 1779 1570 consequi

365 1583 720 1649 comprobetur.
743 1587 851 1642 Quo
871 1585 1012 1646 facto,
1040 1601 1149 1650 pars
1169 1585 1353 1632 diversa
1375 1585 1437 1632 ad
1458 1584 1779 1647 cognitionem

365 1659 505 1724 hujus
517 1661 705 1725 justitiae
729 1672 1047 1710 convertatur.
1075 1662 1286 1725 Intellige
1317 1663 1492 1726 itaque,
1519 1671 1566 1708 et
1586 1671 1656 1716 tu,
1683 1660 1778 1706 1136-

364 1738 507 1785 retice
525 1775 539 1800 ,
577 1739 615 1786 si
648 1739 749 1786 haec
777 1756 887 1805 pars
921 1750 1082 1787 nostra
1115 1740 1291 1804 Spiritu
1323 1748 1487 1787 sancto
1526 1737 1779 1802 adjuvante

365 1815 697 1880 compleverit,
724 1816 843 1864 nihil
865 1818 916 1864 in
938 1826 1100 1864 sancta
1119 1817 1341 1864 Trinitate
1368 1815 1630 1877 dissonum,
1660 1814 1779 1861 nihil

367 1905 466 1937 esse
482 1890 704 1938 dissimile
724 1891 924 1939 fatearis.
949 1912 971 1936 ›>
990 1893 1239 1939 Consensit
1252 1891 1498 1938 haereticus
1519 1890 1632 1937 huic
1655 1888 1778 1936 diffi-

365 1964 553 2027 nitioni,
575 1975 638 2027 et,
660 1966 779 2013 inito
798 1982 947 2030 usque
966 1982 1107 2013 mane
1122 1966 1316 2031 placito,
1335 1965 1665 2013 discesserunt.
1685 1963 1780 2010 Sed

366 2041 476 2089 fidei
499 2042 672 2103 fervor,
694 2060 780 2109 per
798 2061 942 2108 quem
968 2043 1068 2091 haec
1092 2045 1301 2109 primum
1325 2043 1554 2091 diaconus
1575 2041 1781 2108 protule-

366 2131 438 2167 rat
449 2158 460 2180 ‚
482 2122 625 2187 coepit
638 2123 834 2170 inimico
846 2121 1098 2170 insidiante
1111 2132 1367 2188 tepescere.
1385 2121 1606 2169 Diluculo
1621 2129 1779 2168 autem

362 2209 577 2262 surgens,
599 2199 850 2248 brachium
867 2200 1075 2247 infundit
1087 2201 1213 2262 oleO,
1232 2208 1476 2262 unguento
1492 2197 1780 2263 conspergit,

367 2276 460 2324 Sed
492 2287 648 2326 tamen
682 2279 789 2326 loca
817 2289 980 2326 sancta
1010 2279 1197 2336 circuit,
1231 2287 1279 2324 et
1310 2267 1569 2325 Dominum
1601 2276 1780 2341 depre-

366 2364 516 2403 catur.
541 2356 669 2414 Quid
690 2357 856 2422 plura?
880 2357 1005 2403 circa
1023 2356 1195 2403 horam
1215 2355 1402 2402 tertiam
1419 2355 1470 2402 in
1486 2354 1593 2401 foro
1611 2369 1781 2401 conve-

368 2432 521 2480 niunt.
547 2435 798 2482 Concurrit
820 2434 1026 2499 populus
1051 2433 1113 2480 ad
1138 2433 1476 2498 spectaculum.
1501 2431 1782 2479 Accenditur

367 2509 515 2572 ignis,
553 2529 709 2560 aeneus
742 2511 1095 2577 superponitur,
1128 2510 1274 2558 fervet
1300 2509 1463 2570 valde,
1498 2509 1702 2558 annulus
1730 2509 1778 2556 in

368 2584 498 2632 unda
520 2585 716 2634 ferventi
736 2587 996 2652 projicitur.
1023 2587 1194 2633 Invitat
1214 2586 1423 2651 primum
1439 2586 1668 2633 diaconus
1687 2583 1780 2630 hae-

367 2662 582 2724 reticum,
603 2674 656 2711 ut
674 2665 772 2729 ipse
790 2681 900 2711 eum
919 2680 946 2710 a
966 2664 1122 2732 calore
1141 2664 1334 2711 auferat.
1362 2664 1455 2711 Sed
1477 2663 1631 2710 statim
1647 2677 1780 2708 recu-

423 2848 477 2896 (1)
504 2849 593 2900 Sap.
619 2861 648 2896 1,
675 2851 712 2887 4.
