<?xml version="1.0" encoding="UTF-8"?>
<!DOCTYPE html PUBLIC "-//W3C//DTD XHTML 1.0 Transitional//EN"
    "http://www.w3.org/TR/xhtml1/DTD/xhtml1-transitional.dtd">
<html xmlns="http://www.w3.org/1999/xhtml" xml:lang="en" lang="en">
 <head>
  <title>
</title>
<meta http-equiv="Content-Type" content="text/html;charset=utf-8" />
  <meta name='ocr-system' content='tesseract 3.04.00' />
  <meta name='ocr-capabilities' content='ocr_page ocr_carea ocr_par ocr_line ocrx_word'/>
</head>
<body>
  <div class='ocr_page' id='page_1' title='image "./leslivresdesmira01greguoft_0226.png"; bbox 0 0 2002 3418; ppageno 0'>
   <div class='ocr_carea' id='block_1_1' title="bbox 356 268 1369 311">
    <p class='ocr_par' dir='ltr' id='par_1_1' title="bbox 356 268 1369 311">
     <span class='ocr_line' id='line_1_1' title="bbox 356 268 1369 311; baseline 0 -4"><span class='ocrx_word' id='word_1_1' title='bbox 356 271 432 307; x_wconf 80' lang='lat'><strong>170</strong></span> <span class='ocrx_word' id='word_1_2' title='bbox 760 272 826 309; x_wconf 89' lang='lat' dir='ltr'><strong>DE</strong></span> <span class='ocrx_word' id='word_1_3' title='bbox 852 268 1042 311; x_wconf 87' lang='lat' dir='ltr'><strong>GLORIA</strong></span> <span class='ocrx_word' id='word_1_4' title='bbox 1071 271 1369 309; x_wconf 80' lang='lat' dir='ltr'><strong>MARTYRUM.</strong></span> 
     </span>
    </p>
   </div>
   <div class='ocr_carea' id='block_1_2' title="bbox 353 357 1777 969">
    <p class='ocr_par' dir='ltr' id='par_1_2' title="bbox 353 357 1777 969">
     <span class='ocr_line' id='line_1_2' title="bbox 353 357 1773 424; baseline 0.001 -19"><span class='ocrx_word' id='word_1_5' title='bbox 353 357 446 406; x_wconf 89' lang='lat' dir='ltr'><strong>bus</strong></span> <span class='ocrx_word' id='word_1_6' title='bbox 479 358 818 421; x_wconf 81' lang='lat' dir='ltr'>venumdedit,</span> <span class='ocrx_word' id='word_1_7' title='bbox 845 369 899 406; x_wconf 91' lang='lat' dir='ltr'><strong>ut</strong></span> <span class='ocrx_word' id='word_1_8' title='bbox 919 360 1113 420; x_wconf 89' lang='lat' dir='ltr'><strong>seilicet,</strong></span> <span class='ocrx_word' id='word_1_9' title='bbox 1142 368 1337 423; x_wconf 88' lang='lat' dir='ltr'><strong>accepta</strong></span> <span class='ocrx_word' id='word_1_10' title='bbox 1363 359 1584 424; x_wconf 87' lang='lat' dir='ltr'><strong>pecunia,</strong></span> <span class='ocrx_word' id='word_1_11' title='bbox 1620 375 1773 407; x_wconf 86' lang='lat' dir='ltr'><strong>novus</strong></span> 
     </span>
     <span class='ocr_line' id='line_1_3' title="bbox 353 436 1775 503; baseline 0.002 -21"><span class='ocrx_word' id='word_1_12' title='bbox 353 436 501 483; x_wconf 90' lang='lat' dir='ltr'><strong>Giezi¹</strong></span> <span class='ocrx_word' id='word_1_13' title='bbox 516 437 700 502; x_wconf 89' lang='lat' dir='ltr'><strong>lepram</strong></span> <span class='ocrx_word' id='word_1_14' title='bbox 714 448 992 503; x_wconf 86' lang='lat' dir='ltr'><strong>perpetuam</strong></span> <span class='ocrx_word' id='word_1_15' title='bbox 1009 446 1322 502; x_wconf 86' lang='lat' dir='ltr'><strong>compararet.</strong></span> <span class='ocrx_word' id='word_1_16' title='bbox 1343 439 1480 498; x_wconf 89' lang='lat' dir='ltr'><strong>Nam,</strong></span> <span class='ocrx_word' id='word_1_17' title='bbox 1494 436 1775 485; x_wconf 83' lang='lat' dir='ltr'><strong>adveniente</strong></span> 
     </span>
     <span class='ocr_line' id='line_1_4' title="bbox 353 514 1771 581; baseline 0.001 -20"><span class='ocrx_word' id='word_1_18' title='bbox 353 514 431 561; x_wconf 91' lang='lat' dir='ltr'><strong>die</strong></span> <span class='ocrx_word' id='word_1_19' title='bbox 467 526 571 581; x_wconf 87' lang='lat' dir='ltr'><strong>post</strong></span> <span class='ocrx_word' id='word_1_20' title='bbox 600 517 716 563; x_wconf 91' lang='lat' dir='ltr'><strong>anni</strong></span> <span class='ocrx_word' id='word_1_21' title='bbox 737 517 1049 576; x_wconf 88' lang='lat' dir='ltr'><strong>curriculum,</strong></span> <span class='ocrx_word' id='word_1_22' title='bbox 1079 515 1212 579; x_wconf 91' lang='lat' dir='ltr'><strong>quod</strong></span> <span class='ocrx_word' id='word_1_23' title='bbox 1241 515 1338 562; x_wconf 89' lang='lat' dir='ltr'><strong>hoc</strong></span> <span class='ocrx_word' id='word_1_24' title='bbox 1370 514 1549 562; x_wconf 75' lang='lat' dir='ltr'><strong>furtum</strong></span> <span class='ocrx_word' id='word_1_25' title='bbox 1580 515 1771 577; x_wconf 82' lang='lat' dir='ltr'><strong>fecerat,</strong></span> 
     </span>
     <span class='ocr_line' id='line_1_5' title="bbox 354 592 1776 658; baseline -0.001 -18"><span class='ocrx_word' id='word_1_26' title='bbox 354 603 498 658; x_wconf 90' lang='lat' dir='ltr'><strong>caput</strong></span> <span class='ocrx_word' id='word_1_27' title='bbox 529 594 630 658; x_wconf 90' lang='lat' dir='ltr'><strong>ejus</strong></span> <span class='ocrx_word' id='word_1_28' title='bbox 663 595 840 642; x_wconf 88' lang='lat' dir='ltr'><strong>tumori</strong></span> <span class='ocrx_word' id='word_1_29' title='bbox 874 596 1012 642; x_wconf 88' lang='lat' dir='ltr'><strong>datur</strong></span> <span class='ocrx_word' id='word_1_30' title='bbox 1039 613 1049 641; x_wconf 89' lang='lat'>:</span> <span class='ocrx_word' id='word_1_31' title='bbox 1077 594 1201 640; x_wconf 88' lang='lat' dir='ltr'><strong>oculi</strong></span> <span class='ocrx_word' id='word_1_32' title='bbox 1233 609 1425 657; x_wconf 90' lang='lat' dir='ltr'><strong>quoque</strong></span> <span class='ocrx_word' id='word_1_33' title='bbox 1446 592 1689 654; x_wconf 87' lang='lat' dir='ltr'><strong>inflantur,</strong></span> <span class='ocrx_word' id='word_1_34' title='bbox 1721 603 1776 639; x_wconf 92' lang='lat' dir='ltr'><strong>ut</strong></span> 
     </span>
     <span class='ocr_line' id='line_1_6' title="bbox 353 669 1776 732; baseline -0.001 -15"><span class='ocrx_word' id='word_1_35' title='bbox 353 671 455 717; x_wconf 85' lang='lat' dir='ltr'><strong>erui</strong></span> <span class='ocrx_word' id='word_1_36' title='bbox 488 687 518 718; x_wconf 90' lang='lat' dir='ltr'><strong>a</strong></span> <span class='ocrx_word' id='word_1_37' title='bbox 550 671 646 718; x_wconf 90' lang='lat' dir='ltr'><strong>suis</strong></span> <span class='ocrx_word' id='word_1_38' title='bbox 673 671 790 718; x_wconf 88' lang='lat' dir='ltr'><strong>locis</strong></span> <span class='ocrx_word' id='word_1_39' title='bbox 813 682 1135 719; x_wconf 85' lang='lat' dir='ltr'><strong>autumentur.</strong></span> <span class='ocrx_word' id='word_1_40' title='bbox 1172 673 1281 717; x_wconf 87' lang='lat' dir='ltr'><strong>Haec</strong></span> <span class='ocrx_word' id='word_1_41' title='bbox 1311 680 1472 717; x_wconf 87' lang='lat' dir='ltr'><strong>autem</strong></span> <span class='ocrx_word' id='word_1_42' title='bbox 1504 669 1548 716; x_wconf 89' lang='lat' dir='ltr'><strong>ei</strong></span> <span class='ocrx_word' id='word_1_43' title='bbox 1581 669 1776 732; x_wconf 88' lang='lat' dir='ltr'><strong>singulis</strong></span> 
     </span>
     <span class='ocr_line' id='line_1_7' title="bbox 353 747 1777 813; baseline -0.002 -17"><span class='ocrx_word' id='word_1_44' title='bbox 353 749 492 796; x_wconf 88' lang='lat' dir='ltr'><strong>annis</strong></span> <span class='ocrx_word' id='word_1_45' title='bbox 515 749 741 796; x_wconf 88' lang='lat' dir='ltr'><strong>eveniunt</strong></span> <span class='ocrx_word' id='word_1_46' title='bbox 759 750 808 796; x_wconf 91' lang='lat' dir='ltr'><strong>in</strong></span> <span class='ocrx_word' id='word_1_47' title='bbox 826 749 903 796; x_wconf 91' lang='lat' dir='ltr'><strong>die</strong></span> <span class='ocrx_word' id='word_1_48' title='bbox 928 750 1007 796; x_wconf 88' lang='lat' dir='ltr'><strong>illa</strong></span> <span class='ocrx_word' id='word_1_49' title='bbox 1028 766 1123 813; x_wconf 90' lang='lat' dir='ltr'><strong>qua</strong></span> <span class='ocrx_word' id='word_1_50' title='bbox 1147 749 1324 795; x_wconf 88' lang='lat' dir='ltr'><strong>furtum</strong></span> <span class='ocrx_word' id='word_1_51' title='bbox 1346 747 1551 794; x_wconf 88' lang='lat' dir='ltr'><strong>admisit.</strong></span> <span class='ocrx_word' id='word_1_52' title='bbox 1578 747 1777 810; x_wconf 84' lang='lat' dir='ltr'><strong>Plangit-</strong></span> 
     </span>
     <span class='ocr_line' id='line_1_8' title="bbox 354 825 1775 892; baseline -0.001 -20"><span class='ocrx_word' id='word_1_53' title='bbox 354 842 448 889; x_wconf 91' lang='lat' dir='ltr'><strong>que</strong></span> <span class='ocrx_word' id='word_1_54' title='bbox 470 826 611 873; x_wconf 88' lang='lat' dir='ltr'><strong>miser</strong></span> <span class='ocrx_word' id='word_1_55' title='bbox 631 827 824 888; x_wconf 89' lang='lat' dir='ltr'><strong>vitrum,</strong></span> <span class='ocrx_word' id='word_1_56' title='bbox 853 827 984 892; x_wconf 92' lang='lat' dir='ltr'><strong>quod</strong></span> <span class='ocrx_word' id='word_1_57' title='bbox 1010 844 1067 874; x_wconf 85' lang='lat' dir='ltr'><strong>ex</strong></span> <span class='ocrx_word' id='word_1_58' title='bbox 1089 827 1255 873; x_wconf 89' lang='lat' dir='ltr'><strong>itinere</strong></span> <span class='ocrx_word' id='word_1_59' title='bbox 1277 842 1375 890; x_wconf 94' lang='lat' dir='ltr'><strong>quo</strong></span> <span class='ocrx_word' id='word_1_60' title='bbox 1397 825 1654 873; x_wconf 86' lang='lat' dir='ltr'><strong>transmisit</strong></span> <span class='ocrx_word' id='word_1_61' title='bbox 1675 840 1775 871; x_wconf 91' lang='lat' dir='ltr'><strong>non</strong></span> 
     </span>
     <span class='ocr_line' id='line_1_9' title="bbox 355 904 772 969; baseline 0.002 -19"><span class='ocrx_word' id='word_1_62' title='bbox 355 904 510 969; x_wconf 88' lang='lat' dir='ltr'><strong>potuit</strong></span> <span class='ocrx_word' id='word_1_63' title='bbox 520 932 522 934; x_wconf 35' lang='lat' dir='ltr'><strong>f</strong></span> <span class='ocrx_word' id='word_1_64' title='bbox 533 921 772 952; x_wconf 85' lang='lat' dir='ltr'><strong>revocare.</strong></span> 
     </span>
    </p>
   </div>
   <div class='ocr_carea' id='block_1_3' title="bbox 933 1016 1191 1050">
    <p class='ocr_par' dir='ltr' id='par_1_3' title="bbox 933 1016 1191 1050">
     <span class='ocr_line' id='line_1_10' title="bbox 933 1016 1191 1050; baseline 0 0"><span class='ocrx_word' id='word_1_65' title='bbox 933 1016 1089 1050; x_wconf 83' lang='lat' dir='ltr'>CAPUT</span> <span class='ocrx_word' id='word_1_66' title='bbox 1113 1016 1191 1050; x_wconf 87' lang='lat' dir='ltr'><strong>L-x.</strong></span> 
     </span>
    </p>
   </div>
   <div class='ocr_carea' id='block_1_4' title="bbox 440 1102 1690 1152">
    <p class='ocr_par' dir='ltr' id='par_1_4' title="bbox 440 1102 1690 1152">
     <span class='ocr_line' id='line_1_11' title="bbox 440 1102 1690 1152; baseline 0.002 -16"><span class='ocrx_word' id='word_1_67' title='bbox 440 1103 493 1137; x_wconf 90' lang='lat' dir='ltr'><strong>De</strong></span> <span class='ocrx_word' id='word_1_68' title='bbox 513 1102 715 1150; x_wconf 85' lang='lat' dir='ltr'><strong>Rogatiano</strong></span> <span class='ocrx_word' id='word_1_69' title='bbox 732 1111 767 1138; x_wconf 90' lang='lat' dir='ltr'><strong>et</strong></span> <span class='ocrx_word' id='word_1_70' title='bbox 782 1104 986 1139; x_wconf 88' lang='lat' dir='ltr'><strong>Donatiano</strong></span> <span class='ocrx_word' id='word_1_71' title='bbox 1000 1104 1229 1152; x_wconf 75' lang='lat' dir='ltr'><strong>martyribus,</strong></span> <span class='ocrx_word' id='word_1_72' title='bbox 1250 1111 1285 1138; x_wconf 87' lang='lat' dir='ltr'><strong>et</strong></span> <span class='ocrx_word' id='word_1_73' title='bbox 1300 1103 1461 1139; x_wconf 88' lang='lat' dir='ltr'><strong>Similino</strong></span> <span class='ocrx_word' id='word_1_74' title='bbox 1477 1103 1690 1138; x_wconf 79' lang='lat' dir='ltr'><strong>confessore.</strong></span> 
     </span>
    </p>
   </div>
   <div class='ocr_carea' id='block_1_5' title="bbox 356 1174 1786 2110">
    <p class='ocr_par' dir='ltr' id='par_1_5' title="bbox 356 1174 1786 2110">
     <span class='ocr_line' id='line_1_12' title="bbox 421 1174 1781 1255; baseline 0 -18"><span class='ocrx_word' id='word_1_75' title='bbox 421 1190 561 1255; x_wconf 85' lang='lat' dir='ltr'><strong>Apud</strong></span> <span class='ocrx_word' id='word_1_76' title='bbox 590 1190 763 1238; x_wconf 89' lang='lat' dir='ltr'><strong>urbem</strong></span> <span class='ocrx_word' id='word_1_77' title='bbox 784 1208 898 1238; x_wconf 86' lang='lat' dir='ltr'><strong>vero</strong></span> <span class='ocrx_word' id='word_1_78' title='bbox 925 1192 1253 1239; x_wconf 88' lang='lat' dir='ltr'><strong>Namneticam</strong></span> <span class='ocrx_word' id='word_1_79' title='bbox 1280 1174 1380 1238; x_wconf 84' lang='lat' dir='ltr'><strong>duo</strong></span> <span class='ocrx_word' id='word_1_80' title='bbox 1412 1201 1522 1238; x_wconf 89' lang='lat' dir='ltr'><strong>sunt</strong></span> <span class='ocrx_word' id='word_1_81' title='bbox 1551 1201 1781 1255; x_wconf 87' lang='lat' dir='ltr'><strong>martyres</strong></span> 
     </span>
     <span class='ocr_line' id='line_1_13' title="bbox 356 1268 1782 1333; baseline 0.001 -19"><span class='ocrx_word' id='word_1_82' title='bbox 356 1284 444 1332; x_wconf 88' lang='lat' dir='ltr'><strong>pro</strong></span> <span class='ocrx_word' id='word_1_83' title='bbox 471 1268 644 1315; x_wconf 91' lang='lat' dir='ltr'><strong>Christi</strong></span> <span class='ocrx_word' id='word_1_84' title='bbox 676 1270 873 1316; x_wconf 90' lang='lat' dir='ltr'><strong>nomine</strong></span> <span class='ocrx_word' id='word_1_85' title='bbox 900 1270 1135 1333; x_wconf 73' lang='lat' dir='ltr'><strong>jugulafi&#39;.</strong></span> <span class='ocrx_word' id='word_1_86' title='bbox 1171 1272 1390 1328; x_wconf 87' lang='lat' dir='ltr'><strong>Quorum</strong></span> <span class='ocrx_word' id='word_1_87' title='bbox 1415 1286 1540 1315; x_wconf 89' lang='lat' dir='ltr'><strong>unus</strong></span> <span class='ocrx_word' id='word_1_88' title='bbox 1570 1269 1782 1332; x_wconf 85' lang='lat' dir='ltr'><strong>Rogatia-</strong></span> 
     </span>
     <span class='ocr_line' id='line_1_14' title="bbox 356 1345 1782 1407; baseline 0.002 -16"><span class='ocrx_word' id='word_1_89' title='bbox 356 1362 464 1407; x_wconf 88' lang='lat' dir='ltr'><strong>nus,</strong></span> <span class='ocrx_word' id='word_1_90' title='bbox 485 1347 602 1393; x_wconf 88' lang='lat' dir='ltr'><strong>alter</strong></span> <span class='ocrx_word' id='word_1_91' title='bbox 619 1348 941 1394; x_wconf 82' lang='lat' dir='ltr'><strong>Donatianus³</strong></span> <span class='ocrx_word' id='word_1_92' title='bbox 959 1357 1028 1394; x_wconf 89' lang='lat' dir='ltr'><strong>est</strong></span> <span class='ocrx_word' id='word_1_93' title='bbox 1048 1348 1299 1395; x_wconf 86' lang='lat' dir='ltr'><strong>vocitatus.</strong></span> <span class='ocrx_word' id='word_1_94' title='bbox 1324 1346 1536 1394; x_wconf 88' lang='lat' dir='ltr'><strong>Habetur</strong></span> <span class='ocrx_word' id='word_1_95' title='bbox 1551 1345 1618 1392; x_wconf 92' lang='lat' dir='ltr'><strong>ibi</strong></span> <span class='ocrx_word' id='word_1_96' title='bbox 1640 1346 1782 1394; x_wconf 88' lang='lat' dir='ltr'><strong>etiam</strong></span> 
     </span>
     <span class='ocr_line' id='line_1_15' title="bbox 356 1421 1783 1488; baseline 0.001 -20"><span class='ocrx_word' id='word_1_97' title='bbox 356 1431 403 1468; x_wconf 90' lang='lat' dir='ltr'><strong>et</strong></span> <span class='ocrx_word' id='word_1_98' title='bbox 419 1423 686 1470; x_wconf 72' lang='lat' dir='ltr'><strong>similinus*</strong></span> <span class='ocrx_word' id='word_1_99' title='bbox 701 1440 903 1487; x_wconf 90' lang='lat' dir='ltr'><strong>magnus</strong></span> <span class='ocrx_word' id='word_1_100' title='bbox 919 1423 1198 1471; x_wconf 83' lang='lat' dir='ltr'><strong>confessor⁵.</strong></span> <span class='ocrx_word' id='word_1_101' title='bbox 1214 1423 1360 1487; x_wconf 85' lang='lat' dir='ltr'><strong>Igitur</strong></span> <span class='ocrx_word' id='word_1_102' title='bbox 1377 1440 1488 1470; x_wconf 90' lang='lat' dir='ltr'><strong>cum</strong></span> <span class='ocrx_word' id='word_1_103' title='bbox 1501 1439 1644 1488; x_wconf 91' lang='lat' dir='ltr'><strong>supra</strong></span> <span class='ocrx_word' id='word_1_104' title='bbox 1658 1421 1783 1470; x_wconf 82' lang='lat' dir='ltr'><strong>dicta</strong></span> 
     </span>
     <span class='ocr_line' id='line_1_16' title="bbox 357 1497 1785 1564; baseline 0.001 -21"><span class='ocrx_word' id='word_1_105' title='bbox 357 1497 539 1560; x_wconf 85' lang='lat' dir='ltr'><strong>civitas,</strong></span> <span class='ocrx_word' id='word_1_106' title='bbox 553 1508 769 1564; x_wconf 90' lang='lat' dir='ltr'><strong>tempore</strong></span> <span class='ocrx_word' id='word_1_107' title='bbox 786 1498 1099 1546; x_wconf 79' lang='lat' dir='ltr'><strong>Chlodoveei⁶</strong></span> <span class='ocrx_word' id='word_1_108' title='bbox 1118 1499 1239 1561; x_wconf 90' lang='lat' dir='ltr'><strong>regis</strong></span> <span class='ocrx_word' id='word_1_109' title='bbox 1260 1497 1511 1545; x_wconf 84' lang='lat' dir='ltr'><strong>barbarica</strong></span> <span class='ocrx_word' id='word_1_110' title='bbox 1530 1498 1785 1545; x_wconf 82' lang='lat' dir='ltr'><strong>vallaretur</strong></span> 
     </span>
     <span class='ocr_line' id='line_1_17' title="bbox 358 1574 1784 1640; baseline 0.001 -19"><span class='ocrx_word' id='word_1_111' title='bbox 358 1574 626 1638; x_wconf 86' lang='lat' dir='ltr'><strong>obsidione,</strong></span> <span class='ocrx_word' id='word_1_112' title='bbox 649 1587 696 1624; x_wconf 89' lang='lat' dir='ltr'><strong>et</strong></span> <span class='ocrx_word' id='word_1_113' title='bbox 708 1577 809 1640; x_wconf 88' lang='lat' dir='ltr'><strong>jam</strong></span> <span class='ocrx_word' id='word_1_114' title='bbox 836 1578 1078 1640; x_wconf 84' lang='lat' dir='ltr'><strong>sexaginta</strong></span> <span class='ocrx_word' id='word_1_115' title='bbox 1101 1577 1200 1623; x_wconf 90' lang='lat' dir='ltr'><strong>dies</strong></span> <span class='ocrx_word' id='word_1_116' title='bbox 1219 1577 1269 1623; x_wconf 91' lang='lat' dir='ltr'><strong>in</strong></span> <span class='ocrx_word' id='word_1_117' title='bbox 1284 1577 1377 1623; x_wconf 90' lang='lat' dir='ltr'><strong>hac</strong></span> <span class='ocrx_word' id='word_1_118' title='bbox 1396 1592 1607 1623; x_wconf 87' lang='lat' dir='ltr'><strong>aerumna</strong></span> <span class='ocrx_word' id='word_1_119' title='bbox 1629 1576 1784 1623; x_wconf 84' lang='lat' dir='ltr'><strong>fluxis-</strong></span> 
     </span>
     <span class='ocr_line' id='line_1_18' title="bbox 357 1654 1778 1720; baseline 0.001 -21"><span class='ocrx_word' id='word_1_120' title='bbox 357 1663 487 1716; x_wconf 87' lang='lat' dir='ltr'><strong>sent,</strong></span> <span class='ocrx_word' id='word_1_121' title='bbox 513 1655 671 1702; x_wconf 90' lang='lat' dir='ltr'><strong>media</strong></span> <span class='ocrx_word' id='word_1_122' title='bbox 691 1656 786 1702; x_wconf 89' lang='lat' dir='ltr'><strong>fere</strong></span> <span class='ocrx_word' id='word_1_123' title='bbox 805 1666 945 1702; x_wconf 90' lang='lat' dir='ltr'><strong>nocte</strong></span> <span class='ocrx_word' id='word_1_124' title='bbox 967 1665 1290 1720; x_wconf 89' lang='lat' dir='ltr'><strong>apparuerunt</strong></span> <span class='ocrx_word' id='word_1_125' title='bbox 1310 1654 1499 1719; x_wconf 93' lang='lat' dir='ltr'><strong>populis</strong></span> <span class='ocrx_word' id='word_1_126' title='bbox 1524 1654 1635 1715; x_wconf 87' lang='lat' dir='ltr'><strong>viri,</strong></span> <span class='ocrx_word' id='word_1_127' title='bbox 1665 1671 1778 1701; x_wconf 88' lang='lat' dir='ltr'><strong>cum</strong></span> 
     </span>
     <span class='ocr_line' id='line_1_19' title="bbox 357 1730 1783 1794; baseline 0 -16"><span class='ocrx_word' id='word_1_128' title='bbox 357 1730 477 1778; x_wconf 83' lang='lat' dir='ltr'><strong>albis</strong></span> <span class='ocrx_word' id='word_1_129' title='bbox 495 1732 720 1794; x_wconf 86' lang='lat' dir='ltr'><strong>vestibus,</strong></span> <span class='ocrx_word' id='word_1_130' title='bbox 748 1733 1042 1781; x_wconf 88' lang='lat' dir='ltr'><strong>radiantibus</strong></span> <span class='ocrx_word' id='word_1_131' title='bbox 1066 1733 1230 1794; x_wconf 86' lang='lat' dir='ltr'><strong>cereis,</strong></span> <span class='ocrx_word' id='word_1_132' title='bbox 1257 1748 1286 1779; x_wconf 91' lang='lat' dir='ltr'><strong>a</strong></span> <span class='ocrx_word' id='word_1_133' title='bbox 1310 1732 1506 1779; x_wconf 85' lang='lat' dir='ltr'><strong>basilica</strong></span> <span class='ocrx_word' id='word_1_134' title='bbox 1530 1731 1783 1779; x_wconf 86' lang='lat' dir='ltr'><strong>beatorum</strong></span> 
     </span>
     <span class='ocr_line' id='line_1_20' title="bbox 357 1808 1784 1875; baseline -0.001 -19"><span class='ocrx_word' id='word_1_135' title='bbox 357 1820 622 1875; x_wconf 90' lang='lat' dir='ltr'><strong>martyrum</strong></span> <span class='ocrx_word' id='word_1_136' title='bbox 643 1812 803 1875; x_wconf 87' lang='lat' dir='ltr'><strong>egredi</strong></span> <span class='ocrx_word' id='word_1_137' title='bbox 827 1831 838 1858; x_wconf 91' lang='lat'><strong>:</strong></span> <span class='ocrx_word' id='word_1_138' title='bbox 862 1822 909 1858; x_wconf 88' lang='lat' dir='ltr'><strong>et</strong></span> <span class='ocrx_word' id='word_1_139' title='bbox 929 1828 1038 1858; x_wconf 87' lang='lat' dir='ltr'><strong>ecce</strong></span> <span class='ocrx_word' id='word_1_140' title='bbox 1061 1811 1180 1858; x_wconf 80' lang='lat' dir='ltr'><strong>alius</strong></span> <span class='ocrx_word' id='word_1_141' title='bbox 1202 1810 1379 1857; x_wconf 90' lang='lat' dir='ltr'><strong>chorus</strong></span> <span class='ocrx_word' id='word_1_142' title='bbox 1398 1810 1516 1856; x_wconf 88' lang='lat' dir='ltr'><strong>huic</strong></span> <span class='ocrx_word' id='word_1_143' title='bbox 1536 1809 1700 1856; x_wconf 91' lang='lat' dir='ltr'><strong>similis</strong></span> <span class='ocrx_word' id='word_1_144' title='bbox 1723 1808 1784 1856; x_wconf 91' lang='lat' dir='ltr'><strong>de</strong></span> 
     </span>
     <span class='ocr_line' id='line_1_21' title="bbox 357 1887 1786 1955; baseline 0 -21"><span class='ocrx_word' id='word_1_145' title='bbox 357 1887 555 1937; x_wconf 88' lang='lat' dir='ltr'><strong>basilica</strong></span> <span class='ocrx_word' id='word_1_146' title='bbox 574 1889 836 1955; x_wconf 84' lang='lat' dir='ltr'><strong>procedere</strong></span> <span class='ocrx_word' id='word_1_147' title='bbox 863 1890 1080 1937; x_wconf 87' lang='lat' dir='ltr'><strong>antistitis</strong></span> <span class='ocrx_word' id='word_1_148' title='bbox 1102 1889 1319 1935; x_wconf 90' lang='lat' dir='ltr'><strong>Similini.</strong></span> <span class='ocrx_word' id='word_1_149' title='bbox 1347 1891 1564 1951; x_wconf 88' lang='lat' dir='ltr'><strong>Cumque</strong></span> <span class='ocrx_word' id='word_1_150' title='bbox 1585 1887 1786 1951; x_wconf 85' lang='lat' dir='ltr'><strong>conjun-</strong></span> 
     </span>
     <span class='ocr_line' id='line_1_22' title="bbox 359 1965 1786 2029; baseline -0.001 -17"><span class='ocrx_word' id='word_1_151' title='bbox 359 1975 521 2027; x_wconf 90' lang='lat' dir='ltr'><strong>gentes</strong></span> <span class='ocrx_word' id='word_1_152' title='bbox 550 1983 600 2014; x_wconf 92' lang='lat' dir='ltr'><strong>se</strong></span> <span class='ocrx_word' id='word_1_153' title='bbox 615 2006 627 2029; x_wconf 92' lang='lat'><strong>,</strong></span> <span class='ocrx_word' id='word_1_154' title='bbox 651 1968 763 2015; x_wconf 90' lang='lat' dir='ltr'><strong>data</strong></span> <span class='ocrx_word' id='word_1_155' title='bbox 790 1968 1089 2028; x_wconf 88' lang='lat' dir='ltr'><strong>salutatione,</strong></span> <span class='ocrx_word' id='word_1_156' title='bbox 1119 1967 1325 2014; x_wconf 89' lang='lat' dir='ltr'><strong>orationi</strong></span> <span class='ocrx_word' id='word_1_157' title='bbox 1347 1965 1688 2027; x_wconf 88' lang='lat' dir='ltr'><strong>incubuissent,</strong></span> <span class='ocrx_word' id='word_1_158' title='bbox 1716 1981 1786 2012; x_wconf 90' lang='lat' dir='ltr'><strong>re-</strong></span> 
     </span>
     <span class='ocr_line' id='line_1_23' title="bbox 360 2031 1786 2110; baseline 0.001 -21"><span class='ocrx_word' id='word_1_159' title='bbox 360 2054 601 2092; x_wconf 88' lang='lat' dir='ltr'><strong>cesserunt</strong></span> <span class='ocrx_word' id='word_1_160' title='bbox 645 2046 973 2110; x_wconf 87' lang='lat' dir='ltr'><strong>unusquisque</strong></span> <span class='ocrx_word' id='word_1_161' title='bbox 1019 2045 1081 2093; x_wconf 88' lang='lat' dir='ltr'><strong>ad</strong></span> <span class='ocrx_word' id='word_1_162' title='bbox 1130 2045 1292 2092; x_wconf 88' lang='lat' dir='ltr'><strong>locum</strong></span> <span class='ocrx_word' id='word_1_163' title='bbox 1337 2043 1468 2092; x_wconf 92' lang='lat' dir='ltr'><strong>unde</strong></span> <span class='ocrx_word' id='word_1_164' title='bbox 1512 2031 1786 2109; x_wconf 72' lang='lat' dir='ltr'><strong>progressus</strong></span> 
     </span>
    </p>
   </div>
   <div class='ocr_carea' id='block_1_6' title="bbox 362 2214 1784 2836">
    <p class='ocr_par' dir='ltr' id='par_1_6' title="bbox 414 2214 1060 2266">
     <span class='ocr_line' id='line_1_24' title="bbox 414 2214 1060 2266; baseline 0.002 -17"><span class='ocrx_word' id='word_1_165' title='bbox 414 2214 468 2260; x_wconf 83' lang='lat'><strong>(1)</strong></span> <span class='ocrx_word' id='word_1_166' title='bbox 496 2214 602 2252; x_wconf 73' lang='lat'><strong>2204</strong></span> <span class='ocrx_word' id='word_1_167' title='bbox 622 2222 661 2252; x_wconf 88' lang='lat' dir='ltr'><strong>et</strong></span> <span class='ocrx_word' id='word_1_168' title='bbox 682 2227 794 2266; x_wconf 85' lang='lat' dir='ltr'><strong>supp.</strong></span> <span class='ocrx_word' id='word_1_169' title='bbox 818 2214 913 2262; x_wconf 77' lang='lat'><strong>478,</strong></span> <span class='ocrx_word' id='word_1_170' title='bbox 931 2214 1060 2263; x_wconf 78' lang='lat' dir='ltr'><strong>Zyezi.</strong></span> 
     </span>
    </p>

    <p class='ocr_par' dir='ltr' id='par_1_7' title="bbox 415 2276 1637 2326">
     <span class='ocr_line' id='line_1_25' title="bbox 415 2276 1637 2326; baseline -0.002 -13"><span class='ocrx_word' id='word_1_171' title='bbox 415 2277 473 2325; x_wconf 76' lang='lat'><strong>(2)</strong></span> <span class='ocrx_word' id='word_1_172' title='bbox 491 2279 567 2314; x_wconf 84' lang='lat' dir='ltr'><strong>An.</strong></span> <span class='ocrx_word' id='word_1_173' title='bbox 588 2278 683 2323; x_wconf 82' lang='lat'><strong>290,</strong></span> <span class='ocrx_word' id='word_1_174' title='bbox 706 2278 758 2314; x_wconf 75' lang='lat'><strong>24</strong></span> <span class='ocrx_word' id='word_1_175' title='bbox 775 2276 878 2315; x_wconf 83' lang='lat' dir='ltr'><strong>maii.</strong></span> <span class='ocrx_word' id='word_1_176' title='bbox 901 2279 988 2326; x_wconf 85' lang='lat' dir='ltr'><strong>(R.)</strong></span> <span class='ocrx_word' id='word_1_177' title='bbox 1633 2321 1637 2323; x_wconf 30' lang='grc'>,</span> 
     </span>
    </p>

    <p class='ocr_par' dir='ltr' id='par_1_8' title="bbox 362 2337 1784 2440">
     <span class='ocr_line' id='line_1_26' title="bbox 418 2337 1784 2388; baseline -0.002 -10"><span class='ocrx_word' id='word_1_178' title='bbox 418 2342 472 2388; x_wconf 85' lang='grc'><strong>(3)</strong></span> <span class='ocrx_word' id='word_1_179' title='bbox 491 2339 552 2378; x_wconf 89' lang='lat' dir='ltr'><strong>Sic</strong></span> <span class='ocrx_word' id='word_1_180' title='bbox 570 2340 672 2378; x_wconf 86' lang='lat' dir='ltr'><strong>Clar.</strong></span> <span class='ocrx_word' id='word_1_181' title='bbox 693 2353 738 2387; x_wconf 90' lang='lat' dir='ltr'><strong>a;</strong></span> <span class='ocrx_word' id='word_1_182' title='bbox 763 2340 889 2378; x_wconf 87' lang='lat' dir='ltr'><strong>caeteri</strong></span> <span class='ocrx_word' id='word_1_183' title='bbox 908 2352 999 2377; x_wconf 87' lang='lat' dir='ltr'><strong>mss.</strong></span> <span class='ocrx_word' id='word_1_184' title='bbox 1026 2347 1064 2377; x_wconf 89' lang='lat' dir='ltr'><strong>et</strong></span> <span class='ocrx_word' id='word_1_185' title='bbox 1083 2338 1183 2376; x_wconf 82' lang='lat' dir='ltr'><strong>Editi</strong></span> <span class='ocrx_word' id='word_1_186' title='bbox 1209 2348 1306 2385; x_wconf 64' lang='lat' dir='ltr'><strong>vet„</strong></span> <span class='ocrx_word' id='word_1_187' title='bbox 1331 2341 1517 2376; x_wconf 83' lang='lat' dir='ltr'><strong>Donatus.</strong></span> <span class='ocrx_word' id='word_1_188' title='bbox 1544 2339 1693 2376; x_wconf 84' lang='lat' dir='ltr'><strong>Horum</strong></span> <span class='ocrx_word' id='word_1_189' title='bbox 1723 2337 1784 2376; x_wconf 91' lang='lat' dir='ltr'><strong>hi-</strong></span> 
     </span>
     <span class='ocr_line' id='line_1_27' title="bbox 362 2400 1440 2440; baseline -0.001 -1"><span class='ocrx_word' id='word_1_190' title='bbox 362 2402 518 2440; x_wconf 91' lang='lat' dir='ltr'><strong>storiam</strong></span> <span class='ocrx_word' id='word_1_191' title='bbox 537 2401 642 2440; x_wconf 86' lang='lat' dir='ltr'><strong>dedit</strong></span> <span class='ocrx_word' id='word_1_192' title='bbox 657 2402 882 2440; x_wconf 85' lang='lat' dir='ltr'><strong>Ruinartius</strong></span> <span class='ocrx_word' id='word_1_193' title='bbox 901 2401 1003 2439; x_wconf 88' lang='lat' dir='ltr'><strong>inter</strong></span> <span class='ocrx_word' id='word_1_194' title='bbox 1021 2403 1118 2439; x_wconf 86' lang='lat' dir='ltr'><strong>Acta</strong></span> <span class='ocrx_word' id='word_1_195' title='bbox 1140 2403 1255 2439; x_wconf 88' lang='lat' dir='ltr'><strong>Mart.</strong></span> <span class='ocrx_word' id='word_1_196' title='bbox 1275 2400 1440 2439; x_wconf 87' lang='lat' dir='ltr'><strong>sincera.</strong></span> 
     </span>
    </p>

    <p class='ocr_par' dir='ltr' id='par_1_9' title="bbox 362 2462 1783 2702">
     <span class='ocr_line' id='line_1_28' title="bbox 415 2462 1783 2515; baseline -0.002 -12"><span class='ocrx_word' id='word_1_197' title='bbox 415 2467 469 2513; x_wconf 71' lang='lat'><strong>(4)</strong></span> <span class='ocrx_word' id='word_1_198' title='bbox 495 2465 591 2505; x_wconf 89' lang='lat' dir='ltr'><strong>Bell.</strong></span> <span class='ocrx_word' id='word_1_199' title='bbox 604 2494 615 2514; x_wconf 93' lang='lat'>‚</span> <span class='ocrx_word' id='word_1_200' title='bbox 636 2467 875 2513; x_wconf 79' lang='lat' dir='ltr'><strong>Similc&#39;anas‚</strong></span> <span class='ocrx_word' id='word_1_201' title='bbox 904 2463 1036 2502; x_wconf 86' lang='lat' dir='ltr'><strong>tertius</strong></span> <span class='ocrx_word' id='word_1_202' title='bbox 1059 2463 1100 2501; x_wconf 92' lang='lat' dir='ltr'><strong>in</strong></span> <span class='ocrx_word' id='word_1_203' title='bbox 1124 2463 1304 2515; x_wconf 87' lang='lat' dir='ltr'><strong>catalogis</strong></span> <span class='ocrx_word' id='word_1_204' title='bbox 1332 2462 1496 2515; x_wconf 81' lang='lat' dir='ltr'><strong>vulgatis</strong></span> <span class='ocrx_word' id='word_1_205' title='bbox 1514 2462 1783 2515; x_wconf 84' lang='lat' dir='ltr'><strong>episcoporum</strong></span> 
     </span>
     <span class='ocr_line' id='line_1_29' title="bbox 362 2525 1782 2577; baseline -0.001 -12"><span class='ocrx_word' id='word_1_206' title='bbox 362 2528 678 2567; x_wconf 86' lang='lat' dir='ltr'><strong>Namnetensium</strong></span> <span class='ocrx_word' id='word_1_207' title='bbox 695 2536 938 2575; x_wconf 85' lang='lat' dir='ltr'><strong>recensetur,</strong></span> <span class='ocrx_word' id='word_1_208' title='bbox 953 2525 1021 2564; x_wconf 88' lang='lat' dir='ltr'><strong>sed</strong></span> <span class='ocrx_word' id='word_1_209' title='bbox 1039 2525 1135 2563; x_wconf 92' lang='lat' dir='ltr'><strong>nihil</strong></span> <span class='ocrx_word' id='word_1_210' title='bbox 1156 2525 1204 2563; x_wconf 87' lang='lat' dir='ltr'><strong>de</strong></span> <span class='ocrx_word' id='word_1_211' title='bbox 1226 2525 1307 2573; x_wconf 87' lang='lat' dir='ltr'><strong>ejus</strong></span> <span class='ocrx_word' id='word_1_212' title='bbox 1325 2534 1435 2564; x_wconf 86' lang='lat' dir='ltr'><strong>aetate</strong></span> <span class='ocrx_word' id='word_1_213' title='bbox 1453 2534 1692 2577; x_wconf 87' lang='lat' dir='ltr'><strong>compertum</strong></span> <span class='ocrx_word' id='word_1_214' title='bbox 1711 2525 1782 2564; x_wconf 89' lang='lat' dir='ltr'><strong>ha-</strong></span> 
     </span>
     <span class='ocr_line' id='line_1_30' title="bbox 362 2583 1783 2643; baseline -0.002 -15"><span class='ocrx_word' id='word_1_215' title='bbox 362 2590 511 2629; x_wconf 85' lang='lat' dir='ltr'><strong>bemus.</strong></span> <span class='ocrx_word' id='word_1_216' title='bbox 536 2594 624 2640; x_wconf 88' lang='lat' dir='ltr'><strong>(R.)</strong></span> <span class='ocrx_word' id='word_1_217' title='bbox 642 2614 696 2621; x_wconf 92' lang='lat'><strong>——</strong></span> <span class='ocrx_word' id='word_1_218' title='bbox 720 2591 835 2643; x_wconf 89' lang='lat' dir='ltr'><strong>Apud</strong></span> <span class='ocrx_word' id='word_1_219' title='bbox 859 2594 895 2629; x_wconf 88' lang='lat' dir='ltr'><strong>J.</strong></span> <span class='ocrx_word' id='word_1_220' title='bbox 922 2583 1134 2628; x_wconf 87' lang='lat' dir='ltr'><strong>Marionem</strong></span> <span class='ocrx_word' id='word_1_221' title='bbox 1163 2589 1349 2642; x_wconf 82' lang='lat' dir='ltr'><strong>(Catalog.</strong></span> <span class='ocrx_word' id='word_1_222' title='bbox 1388 2588 1506 2640; x_wconf 85' lang='lat' dir='ltr'><strong>episc.</strong></span> <span class='ocrx_word' id='word_1_223' title='bbox 1543 2588 1693 2641; x_wconf 87' lang='lat' dir='ltr'><strong>Galliae)</strong></span> <span class='ocrx_word' id='word_1_224' title='bbox 1724 2587 1783 2625; x_wconf 89' lang='lat' dir='ltr'><strong>his</strong></span> 
     </span>
     <span class='ocr_line' id='line_1_31' title="bbox 363 2651 1539 2702; baseline -0.002 -11"><span class='ocrx_word' id='word_1_225' title='bbox 363 2653 491 2692; x_wconf 87' lang='lat' dir='ltr'><strong>verbis</strong></span> <span class='ocrx_word' id='word_1_226' title='bbox 509 2653 690 2693; x_wconf 89' lang='lat' dir='ltr'><strong>laudatur</strong></span> <span class='ocrx_word' id='word_1_227' title='bbox 705 2669 714 2692; x_wconf 77' lang='grc' dir='ltr'>ε</span> <span class='ocrx_word' id='word_1_228' title='bbox 734 2671 754 2689; x_wconf 73' lang='grc' dir='ltr'><strong>ιι</strong></span> <span class='ocrx_word' id='word_1_229' title='bbox 770 2653 942 2694; x_wconf 88' lang='lat' dir='ltr'><strong>Similien</strong></span> <span class='ocrx_word' id='word_1_230' title='bbox 959 2666 1010 2691; x_wconf 93' lang='lat' dir='ltr'><strong>ou</strong></span> <span class='ocrx_word' id='word_1_231' title='bbox 1023 2651 1196 2702; x_wconf 91' lang='lat' dir='ltr'><strong>Sembin,</strong></span> <span class='ocrx_word' id='word_1_232' title='bbox 1214 2665 1302 2691; x_wconf 90' lang='lat' dir='ltr'><strong>vers</strong></span> <span class='ocrx_word' id='word_1_233' title='bbox 1320 2652 1396 2690; x_wconf 81' lang='lat' dir='ltr'><strong>l&#39;an</strong></span> <span class='ocrx_word' id='word_1_234' title='bbox 1416 2653 1508 2690; x_wconf 87' lang='grc'><strong>300.</strong></span> <span class='ocrx_word' id='word_1_235' title='bbox 1521 2668 1539 2684; x_wconf 73' lang='lat'><strong>‚-</strong></span> 
     </span>
    </p>

    <p class='ocr_par' dir='ltr' id='par_1_10' title="bbox 417 2712 1056 2766">
     <span class='ocr_line' id='line_1_32' title="bbox 417 2712 1056 2766; baseline 0.003 -12"><span class='ocrx_word' id='word_1_236' title='bbox 417 2718 473 2766; x_wconf 75' lang='lat'><strong>(5)</strong></span> <span class='ocrx_word' id='word_1_237' title='bbox 489 2719 563 2755; x_wconf 86' lang='lat' dir='ltr'><strong>An.</strong></span> <span class='ocrx_word' id='word_1_238' title='bbox 587 2719 681 2765; x_wconf 84' lang='lat'><strong>310,</strong></span> <span class='ocrx_word' id='word_1_239' title='bbox 702 2719 753 2755; x_wconf 79' lang='lat'><strong>16</strong></span> <span class='ocrx_word' id='word_1_240' title='bbox 768 2716 855 2765; x_wconf 85' lang='lat' dir='ltr'><strong>jun.</strong></span> <span class='ocrx_word' id='word_1_241' title='bbox 1050 2712 1056 2716; x_wconf 85' lang='grc'><strong>”</strong></span> 
     </span>
    </p>

    <p class='ocr_par' dir='ltr' id='par_1_11' title="bbox 419 2780 1607 2836">
     <span class='ocr_line' id='line_1_33' title="bbox 419 2780 1607 2836; baseline -0.002 -16"><span class='ocrx_word' id='word_1_242' title='bbox 419 2783 476 2831; x_wconf 84' lang='grc'><strong>(6)</strong></span> <span class='ocrx_word' id='word_1_243' title='bbox 493 2783 598 2821; x_wconf 74' lang='grc'><strong>2204</strong></span> <span class='ocrx_word' id='word_1_244' title='bbox 614 2791 652 2820; x_wconf 88' lang='lat' dir='ltr'><strong>et</strong></span> <span class='ocrx_word' id='word_1_245' title='bbox 667 2784 788 2832; x_wconf 76' lang='lat'><strong>2205,</strong></span> <span class='ocrx_word' id='word_1_246' title='bbox 810 2783 1057 2822; x_wconf 78' lang='lat' dir='ltr'><strong>chlodovechi</strong></span> <span class='ocrx_word' id='word_1_247' title='bbox 1069 2798 1079 2831; x_wconf 90' lang='lat'>;</span> <span class='ocrx_word' id='word_1_248' title='bbox 1101 2796 1214 2836; x_wconf 91' lang='lat' dir='ltr'><strong>supp.</strong></span> <span class='ocrx_word' id='word_1_249' title='bbox 1241 2784 1334 2830; x_wconf 83' lang='grc'><strong>478,</strong></span> <span class='ocrx_word' id='word_1_250' title='bbox 1360 2780 1607 2820; x_wconf 74' lang='grc' dir='ltr'><em>ΟΙιΙοιίονίοΙιὶ.</em></span> 
     </span>
    </p>
   </div>
  </div>
 </body>
</html>
