2002 3418
404 340 481 377 266
806 342 867 377 DE
895 339 1080 380 GLORIA
1111 343 1403 380 MARTYRUM.

403 427 535 491 algor
565 443 664 475 non
689 428 923 475 laxaverat
946 427 1165 475 incendia
1191 444 1310 476 saeva
1340 429 1659 477 dissolverent.
1687 433 1798 478 Pro·

403 503 644 552 ducuntur
664 505 750 552 viri
786 522 812 552 e
843 506 950 553 lacu
971 543 983 564 ‚
1020 505 1218 553 confessi
1258 506 1493 553 Christum
1512 544 1525 568 ‚
1556 507 1805 555 >mittuntur

402 582 525 630 inter
544 591 790 631 aestuantes
810 584 989 646 ignium
1009 600 1238 648 vapores3
1266 583 1348 631 sed
1372 584 1602 631 sustinent
1627 586 1805 650 patien-

401 669 473 707 ter
514 660 642 707 illata
684 661 911 725 supplicia
953 670 1005 707 ut
1045 661 1271 724 majorem
1316 661 1548 726 accipiant
1578 662 1801 727 palmam.

402 737 617 801 Denique
638 737 687 783 in
709 736 784 783 his
817 737 1133 800 relinquentes
1156 753 1384 802 corpora,
1418 737 1597 785 animas
1623 737 1806 785 Christo

402 813 638 861 tradentes
652 851 666 875 ‚
691 815 967 878 martyrium
986 815 1498 877 consummaveruntxin
1521 829 1654 880 pace.
1677 817 1808 862 Tunc

402 906 588 955 praeses‚
611 891 788 938 victum
818 907 867 938 se
897 907 1063 938 eorum
1087 891 1350 938 constantia
1379 908 1577 938 cernens
1593 928 1606 952 ‚
1637 901 1809 955 putans

403 967 477 1014 vel
501 977 716 1014 mortuos
748 983 886 1032 posse
907 969 1095 1015 vincere
1128 969 1211 1032 qui
1234 969 1445 1016 viventes
1475 982 1695 1032 superare
1727 984 1810 1014 ne-

403 1045 618 1108 quiverat
634 1082 646 1106 ,
667 1045 802 1108 jussit
831 1045 933 1109 ipsa
960 1046 1183 1110 deinceps
1213 1047 1345 1093 exuri
1375 1046 1656 1111 corpuscula
1687 1055 1734 1092 et
1760 1047 1809 1092 in

404 1122 581 1169 flumen
602 1123 926 1187 propinquum
946 1122 1127 1186 jactari.
1155 1122 1297 1180 Quod
1316 1138 1425 1170 cum
1439 1122 1614 1170 factum
1632 1122 1806 1182 fuisset,

404 1199 619 1246 miraculi
642 1200 826 1247 novitas
845 1199 1068 1247 flentibus
1086 1199 1350 1246 christianis
1371 1199 1603 1264 apparuit.
1635 1199 1813 1246 Restitit

404 1275 544 1339 igitur
579 1276 711 1324 unda
747 1293 837 1324 nec
867 1293 973 1324 ossa
1006 1277 1226 1324 semiusta
1251 1276 1523 1336 absorbuit,
1556 1275 1639 1323 sed
1671 1280 1812 1340 super

404 1368 453 1400 se
476 1362 702 1417 tanquam
725 1354 1058 1401 commendata
1091 1355 1309 1401 sustinuit
1341 1372 1352 1400 :
1392 1363 1440 1402 et
1471 1353 1538 1400 sic
1567 1352 1763 1400 collecta
1784 1368 1813 1401 a

404 1429 671 1478 christianis
710 1431 1047 1496 gaudentibus,
1074 1448 1183 1479 cum
1214 1432 1402 1479 honore
1434 1431 1707 1495 dignissimo
1738 1439 1811 1477 tu·

405 1508 582 1556 mulata
604 1519 727 1556 sunt.

946 1597 1101 1633 CAPUT
1125 1596 1275 1631 XCVII.

835 1684 887 1718 De
904 1684 1060 1731 glorioso
1077 1691 1229 1730 martyre
1246 1683 1380 1729 Sergio.

468 1774 677 1837 Sergius¹
696 1790 888 1839 quoque
906 1784 1083 1839 martyr
1095 1774 1244 1821 multa
1260 1773 1394 1837 signa
1413 1773 1464 1821 in
1479 1772 1667 1840 populis
1685 1772 1809 1832 facit,

404 1865 575 1898 curans
606 1850 897 1899 infirmitates
926 1867 1191 1916 sanansque
1225 1852 1476 1914 languores
1507 1849 1717 1903 fideliter¹
1730 1848 1812 1896 de-

403 1929 715 1991 precantium.
751 1928 886 1976 Unde
920 1930 1072 1992 agitur
1092 1939 1146 1975 ut
1178 1945 1234 1975 ex
1257 1927 1352 1974 hoc
1381 1927 1590 1991 ingentia
1612 1925 1814 1995 basilicae

404 2004 479 2051 vel
516 2005 854 2069 promittantur
885 2015 995 2072 vota
1014 2043 1027 2066 ,
1080 2005 1153 2052 vel
1189 2020 1388 2052 munera
1426 2003 1722 2072 deferantur,
1757 2020 1814 2051 ex

405 2080 577 2144 quibus
613 2082 730 2129 nihil
777 2083 976 2130 omnino
1015 2083 1124 2129 licet
1174 2070 1451 2129 subtrahere
1491 2090 1574 2128 aut
1611 2079 1808 2127 auferre.

405 2158 549 2215 Quod
579 2159 616 2205 si
655 2160 760 2223 quis
791 2159 977 2221 fecerit,
1019 2176 1131 2207 mox
1159 2160 1394 2223 judicium
1425 2169 1508 2206 aut
1542 2161 1705 2206 noxae'
1733 2168 1816 2206 aut

405 2235 570 2282 mortis
594 2236 806 2282 incurrit.
836 2236 912 2283 Ob
937 2236 1062 2283 hanc
1093 2252 1206 2283 vero
1231 2235 1555 2283 defensionem
1581 2234 1717 2281 multi
1740 2251 1814 2282 res

406 2328 513 2358 suas
540 2322 704 2359 sancto
729 2312 966 2360 devovent
982 2351 995 2374 ‚
1022 2313 1197 2360 scilicet
1224 2322 1277 2358 ut
1303 2312 1402 2374 ejus
1454 2312 1592 2388 ³1}oe
1622 2312 1814 2359 munitae

407 2405 505 2435 non
528 2389 809 2454 diripiantur
832 2407 860 2437 a
883 2391 1034 2437 malis.
1059 2390 1275 2453 Denique
1298 2405 1418 2436 anus
1448 2398 1540 2435 dat
1567 2388 1749 2452 exigua,
1769 2399 1815 2435 et

406 2465 551 2512 credo
576 2466 854 2529 evangelicae
866 2467 990 2513 illius
1011 2465 1308 2531 pauperculae
1329 2464 1515 2524 similis,
1541 2480 1645 2528 quae
1662 2480 1815 2528 quon-

407 2540 518 2588 dam
539 2541 637 2588 duo
664 2543 846 2590 minuta
866 2579 879 2603 ‚
904 2558 1012 2590 cum
1041 2542 1159 2589 nihil
1181 2541 1309 2589 aliud
1341 2541 1564 2601 haberet,
1598 2541 1647 2587 in
1678 2557 1814 2604 gazo-

461 2703 515 2748 (1)
536 2700 624 2748 Ejus
640 2703 735 2739 Acta
747 2701 879 2740 Surius
897 2701 1012 2739 refert
1032 2703 1053 2738 7
1074 2700 1202 2739 octob.
1215 2730 1225 2746 ,
1241 2714 1319 2752 quo
1336 2699 1398 2738 die
1418 2697 1500 2752 ejus
1518 2697 1700 2736 festivitas
1716 2699 1811 2735 cele-

408 2760 552 2799 bratur.
578 2765 633 2799 De
652 2775 698 2800 eo
715 2761 803 2800 vide
824 2771 932 2800 notas
949 2761 990 2800 in
1010 2774 1096 2813 cap.
1120 2775 1226 2809 xxx1,
1247 2761 1314 2800 lib.
1339 2763 1410 2799 vn
1428 2759 1616 2798 Historiae.
1637 2761 1721 2807 (R.)

461 2825 516 2873 (2)
534 2824 594 2862 Al.
614 2836 705 2862 mss.
719 2853 729 2871 ‚
750 2834 854 2865 ποτε.
876 2826 960 2871 (R.)
