2002 3418
422 282 471 318 16
818 286 884 321 DE
913 285 1099 322 GLORIA
1126 287 1425 326 MARTYRUM.

419 370 581 433 sitans,
595 370 736 436 hujus
748 373 920 435 reginae
929 372 1110 422 adirem
1120 373 1359 438 colloquia
1368 392 1381 434 ;
1395 375 1724 438 ingressusque
1736 389 1838 421 mo-

417 448 693 510 nasterium,
718 450 1013 499 consalutata
1034 451 1215 515 regina,
1243 466 1409 498 coram
1426 449 1674 498 adoranda
1696 466 1836 500 cruce

416 541 472 573 ac
503 526 646 574 sacris
677 526 930 576 beatorum
967 538 1245 594 prosternor
1283 527 1581 593 pignoribus.
1618 527 1836 591 Denique

416 603 630 651 oratione
655 604 776 652 facta
793 605 988 653 surrexi.
1011 606 1124 654 Erat
1145 606 1274 653 enim
1294 605 1355 654 ad
1377 604 1620 654 dexteram
1634 603 1838 668 lychnus

413 695 661 743 accensus,
691 698 834 746 quem
856 699 967 730 cum
993 683 1123 731 stillis
1145 682 1472 747 frequentibus
1492 681 1702 730 defluere
1723 696 1838 730 con-

413 759 699 821 spexissem,
737 769 885 807 testor
916 763 1072 808 Deum
1095 761 1208 826 quia
1242 762 1405 827 putavi
1436 760 1572 824 quasi
1604 775 1688 808 vas
1717 768 1837 807 esset

411 834 686 898 effractum,
718 837 831 901 quia
867 847 967 885 erat
1003 838 1047 884 ei
1075 837 1261 886 concha
1299 839 1543 903 supposita
1559 873 1573 900 ,
1606 837 1658 884 in
1688 852 1835 902 quam

412 911 572 959 oleum
603 912 819 961 defluens
851 913 1118 962 decidebat.
1147 917 1280 962 Tunc
1309 931 1569 963 conversus
1597 914 1660 962 ad
1687 912 1835 961 abba-

411 989 587 1051 tissam,
608 992 684 1038 aio
706 1010 718 1038 :
747 1012 768 1035 «
788 995 998 1039 Tantane
1016 1002 1062 1040 te
1080 994 1250 1041 retinet
1267 994 1439 1041 mentis
1459 993 1664 1057 ignavia,
1689 1002 1742 1040 ut
1758 992 1832 1040 in-

409 1075 594 1129 tegrum
615 1068 884 1116 cicindilem
905 1069 1125 1118 laborare
1147 1086 1247 1117 non
1268 1071 1420 1135 possis
1433 1107 1448 1132 ,
1478 1071 1529 1118 in
1551 1086 1648 1134 quo
1671 1070 1834 1129 oleum

409 1145 714 1205 accendatur,
729 1147 819 1193 nisi
830 1134 1078 1195 effractum
1095 1163 1192 1212 quo
1209 1147 1387 1196 defluat
1397 1146 1580 1213 ponas?
1591 1167 1615 1193 »
1638 1151 1697 1196 Et
1713 1148 1794 1196 illa
1817 1166 1829 1195 ε

413 1239 436 1265 «
462 1223 558 1269 Nec
586 1232 655 1270 est
681 1224 763 1286 ita,
786 1223 982 1272 domine
1003 1225 1095 1286 mi,
1121 1224 1205 1273 sed
1228 1226 1376 1273 virtus
1397 1236 1467 1274 est
1487 1227 1641 1274 crucis
1661 1236 1834 1275 sanctae

408 1315 554 1363 quam
573 1301 742 1348 cernis.
765 1322 786 1345 >›
807 1304 939 1349 Tunc
961 1318 1050 1366 ego
1073 1301 1135 1350 ad
1157 1317 1234 1350 me
1253 1318 1483 1364 reversus,
1502 1301 1629 1351 etad
1649 1318 1831 1350 memo·
1900 1304 1903 1307 “

407 1377 527 1424 riam
541 1395 770 1427 revocans
786 1397 892 1444 quae
909 1381 1041 1445 prius
1054 1379 1299 1428 audieram
1315 1417 1329 1442 ,
1352 1397 1609 1430 conversus
1626 1380 1688 1428 ad
1703 1379 1834 1445 lych-

407 1471 548 1517 num,
573 1456 715 1504 video
737 1457 787 1504 in
811 1457 1013 1505 modum
1037 1458 1140 1506 ollae
1162 1458 1383 1506 ferventis
1405 1459 1589 1522 magnis
1608 1457 1832 1507 fluctibus

406 1533 648 1581 exundare
665 1571 678 1596 ,
703 1551 759 1582 ac
780 1551 866 1600 per
886 1535 1058 1582 horam
1075 1536 1227 1601 ipsam
1245 1535 1385 1583 undis
1406 1535 1832 1584 intumescentibus

406 1611 725 1675 superfluere,
755 1623 802 1660 et
816 1651 829 1674 ,
864 1623 918 1660 ut
947 1613 1092 1662 credo
1110 1649 1123 1675 ‚
1161 1613 1223 1662 ad
1262 1613 1642 1662 incredulitatem
1673 1629 1832 1662 meam

404 1689 728 1752 arguendam,
754 1690 903 1754 magis
937 1706 993 1739 ac
1027 1690 1176 1755 magis
1208 1691 1396 1754 augeri3
1430 1691 1496 1738 ita
1525 1700 1579 1739 ut
1607 1691 1659 1738 in
1688 1691 1833 1740 unius

403 1766 535 1814 horae
565 1769 717 1833 spatio
748 1768 1003 1834 plusquam
1034 1785 1187 1816 unum
1223 1769 1478 1816 sextarium
1509 1767 1728 1817 redderet
1754 1784 1833 1817 va-

404 1844 607 1905 sculum,
627 1844 761 1909 quod
785 1845 1079 1909 quartarium
1100 1861 1201 1892 non
1223 1843 1418 1892 tenebat
1436 1863 1449 1892 ε
1474 1844 1831 1909 admiratusque

405 1922 511 1969 silui
525 1960 538 1984 ,
560 1939 616 1971 ac
631 1923 854 1971 virtutem
872 1921 1130 1971 adorandae
1148 1923 1301 1970 crucis
1316 1922 1541 1988 deinceps
1555 1921 1825 1988 praedicavi.

470 2003 726 2067 Pueflaque
747 2002 967 2066 quaedam
986 2002 1336 2066 Chrodegildis¹
1355 2001 1570 2065 nomine,
1584 2000 1704 2049 dum
1722 2009 1831 2066 post

403 2090 609 2128 mortem
637 2081 783 2146 patris
804 2081 855 2128 in
876 2079 1011 2128 urbis
1029 2080 1360 2128 Cenomanicae
1389 2079 1629 2128 territorio
1651 2078 1830 2128 reside·

404 2167 498 2215 ret,
519 2159 772 2206 oculorum
788 2157 1041 2206 amissione
1057 2158 1299 2206 multatur.
1321 2160 1579 2220 Postquam
1591 2166 1753 2205 autem
1770 2173 1829 2205 ex

399 2235 611 2298 jussione
630 2236 909 2301 Chilperici²
930 2235 1052 2299 regis
1067 2273 1081 2297 ,
1103 2234 1260 2283 adhuc
1280 2233 1421 2282 beata
1446 2233 1736 2296 Radegunde
1755 2249 1829 2282 re·

405 2313 514 2375 gina
535 2314 808 2379 superstite,
840 2312 903 2360 ad
935 2312 1161 2360 antedicti
1188 2311 1464 2360 monasterii
1498 2310 1829 2359 transmisisset

404 2392 616 2454 regulam
632 2430 644 2454 ,
680 2392 783 2457 ipsa
816 2390 1088 2438 beatissima
1124 2389 1427 2451 ostendente,
1468 2399 1578 2437 ante
1612 2399 1827 2438 sanctam

403 2470 716 2533 prosternitur
739 2484 899 2516 arcam
924 2485 935 2514 ε
963 2466 1124 2531 ibique
1147 2484 1260 2515 cum
1281 2467 1473 2531 reliquis
1494 2468 1827 2515 sanctimonia·

403 2546 528 2594 libus
546 2547 726 2611 vigilias
747 2545 1003 2611 explicam,
1029 2544 1142 2593 dato
1167 2561 1332 2607 mane,
1355 2544 1825 2596 iisdemdiscedenti-

461 2748 516 2797 (1)
549 2748 822 2797 Chrodigildis,
850 2747 970 2783 2204.
994 2741 1287 2793 Chr'odechildis‚
1307 2746 1426 2783 2205.

459 2807 517 2863 (2)
556 2810 774 2855 aimerici,
795 2807 883 2846 dein
901 2806 1103 2846 recentiori
1122 2819 1239 2845 manu
1258 2807 1478 2857 Clzilperici,
1499 2808 1619 2845 2201..
