2002 3418
333 285 410 322 160
731 289 797 325 DE
823 288 1010 327 GLORIA
1036 290 1333 330 MARTYRUM.

896 434 1051 470 CAPUT
1079 435 1179 470 LVI.

822 535 875 569 De
892 543 1012 570 sancto
1031 535 1205 583 Eutropio
1222 536 1249 570 ¹.

395 619 672 684 Eutropius’
692 636 884 683 quoque
907 631 1085 686 martyr
1099 622 1365 669 Santonicae
1387 621 1537 669 urbis³
1556 638 1585 669 a
1606 621 1747 671 beato

328 695 569 743 Clemente
588 697 812 762 episcopo
834 700 977 746 fertur
991 699 1196 746 directus
1212 700 1261 746 in
1275 698 1492 760 Gallias⁸3
1504 699 1565 748 ab
1576 701 1748 749 eodem

327 773 470 821 etiam
515 774 797 838 pontificalis
826 776 1005 823 ordinis
1041 777 1187 840 gratia
1215 787 1515 825 consecratus
1542 787 1638 839 est,
1659 778 1747 825 im-

327 850 551 915 pletoque
578 851 719 915 hujus
749 852 895 900 officii
923 854 1115 915 ordine,
1143 864 1332 919 peracta
1354 854 1608 902 incredulis
1633 871 1750 919 prae—

328 927 583 989 dicatione,
609 929 961 993 insurgentibus
985 931 1204 995 paganis,
1226 947 1348 995 quos
1373 942 1539 979 auctor
1558 931 1747 979 invidiae

327 1005 518 1052 credere
537 1022 634 1052 non
655 1007 883 1070 permisit,
902 1008 1024 1054 illiso
1042 1008 1194 1072 capite
1207 1009 1358 1056 victor
1373 1009 1614 1056 occubuit.
1632 1009 1743 1071 Sed,

328 1082 440 1145 quia
472 1099 531 1129 eo
565 1093 780 1148 tempore
807 1084 1012 1131 instante
1035 1086 1386 1148 persecutione,
1416 1104 1570 1151 neque
1600 1086 1745 1150 digno

326 1158 436 1205 loco
465 1160 700 1224 sepultus,
735 1176 892 1224 neque
920 1177 948 1207 a
975 1160 1239 1208 christianis
1273 1161 1435 1209 debito
1465 1164 1650 1211 honore
1672 1181 1748 1212 ve-

328 1248 518 1285 neratus
547 1249 615 1285 est
629 1276 641 1299 ,
666 1238 804 1286 valde
829 1238 994 1286 datum
1015 1249 1084 1286 est
1103 1238 1332 1286 oblivioni
1354 1256 1464 1286 eum
1494 1250 1749 1305 martyrem

328 1314 446 1376 fore,
473 1315 605 1380 quod
619 1316 717 1362 hoc
743 1315 912 1363 ordine
936 1315 1137 1363 traditur
1158 1316 1434 1363 revelatum.
1463 1319 1576 1364 Post
1598 1318 1748 1366 multa

328 1411 568 1442 annorum
589 1395 738 1460 spatia
764 1395 814 1441 in
838 1395 938 1459 ejus
964 1395 1151 1442 honore
1173 1394 1367 1442 basilica
1397 1393 1625 1443 aedificata
1646 1405 1716 1443 est
1730 1433 1744 1458 ,

328 1473 609 1537 expletoque
653 1489 797 1539 opere
842 1472 1076 1520 Palladius
1088 1475 1117 1534 ⁵,
1158 1473 1239 1537 qui
1286 1483 1401 1520 tunc
1447 1472 1748 1520 sacerdotalis

330 1551 509 1598 ordinis
537 1550 813 1598 cathedram
838 1550 1053 1614 regebat,
1082 1551 1355 1598 convocatis
1383 1549 1653 1610 abbatibus,
1678 1567 1747 1599 sa-

329 1645 435 1676 cros
464 1629 645 1675 cineres
677 1628 737 1675 in·
761 1629 923 1675 locum
954 1646 1098 1693 quem
1130 1638 1473 1695 praeparaverat
1508 1628 1748 1675 transferri

329 1706 523 1754 studuit.
550 1706 693 1763 Quod
727 1724 838 1754 curn
866 1706 1043 1754 factum
1068 1707 1244 1768 fuisset,
1270 1706 1368 1753 duo
1391 1723 1448 1753 ex
1471 1704 1742 1768 abbatibus,

329 1793 533 1831 reserato
553 1785 813 1850 opertorio,
836 1794 1052 1831 sanctum
1072 1801 1245 1850 corpus
1264 1783 1512 1849 aspiciunt,
1535 1792 1746 1830 contem-

329 1860 614 1927 planturque
643 1861 910 1909 cicatricem
939 1862 1107 1927 capitis
1120 1899 1132 1923 ,
1170 1877 1266 1926 qua
1293 1861 1343 1907 in
1369 1870 1503 1925 parte
1537 1859 1746 1907 defixum

384 2087 438 2134 (1)
454 2087 515 2124 De
529 2088 697 2136 Etctrope
714 2094 894 2134 martyre,
915 2086 1034 2124 2205.

384 2149 439 2196 (2)
460 2147 582 2186 Laud.
602 2177 612 2195 ,
638 2149 734 2187 Bell.
760 2157 797 2186 et
823 2147 934 2188 Colb.
955 2161 992 2187 a.
1010 2177 1021 2195 ,
1045 2149 1224 2198 Eutropis
1237 2176 1248 2195 ,
1270 2155 1308 2184 et
1325 2146 1364 2184 in
1383 2144 1516 2197 capitis
1534 2145 1642 2185 titulo
1656 2176 1666 2196 ,
1687 2147 1745 2184 De

331 2212 497 2260 Eutrope
514 2220 692 2260 martyre.
715 2213 796 2258 (R.)
818 2232 872 2239 --
890 2213 1012 2262 Supp.
1035 2211 1129 2260 478,
1149 2212 1341 2259 Eutropis.

388 2271 443 2323 (3)
459 2275 692 2320 Sanctonice,
714 2285 827 2324 supp.
850 2274 942 2313 478.
1662 2317 1666 2319 a

387 2336 442 2383 (4)
462 2337 556 2374 Saec.
579 2349 610 2372 11
628 2343 695 2373 aut
713 2348 775 2382 1113
797 2336 847 2375 30
867 2334 979 2386 april.
993 2337 1039 2372 Et
1056 2334 1118 2372 hic
1130 2333 1341 2386 Gregorius
1358 2339 1565 2383 martyrem
1583 2331 1748 2370 admittit

331 2404 420 2434 ante
446 2396 565 2435 Marci
590 2405 765 2448 tempora
797 2409 846 2434 ex
878 2396 1031 2448 vulgari
1061 2396 1278 2434 traditione.
1310 2396 1348 2433 S.
1383 2393 1555 2445 Eutropii
1587 2393 1747 2432 ecclesia

332 2455 436 2507 apud
447 2458 632 2495 Santonas
645 2463 835 2495 vetustate
851 2455 1028 2493 fatiscens
1044 2469 1067 2493 a
1080 2455 1241 2494 Leontio
1256 2454 1436 2506 episcopo
1451 2461 1662 2492 restaurata
1673 2461 1744 2501 est,

333 2525 375 2555 ut
393 2517 494 2556 canit
510 2521 755 2566 Fortunatus,
775 2516 842 2555 lib.
866 2519 900 2566 1,
926 2530 1045 2555 carm.
1070 2531 1130 2555 111.
1153 2520 1239 2566 (R.)

385 2583 438 2628 (5)
457 2580 624 2619 Celebris
642 2589 700 2619 est
710 2581 751 2618 in
768 2579 941 2631 Gregorii
957 2580 1053 2618 Hist.
1076 2579 1143 2618 lib.
1162 2582 1232 2618 VII
1247 2587 1285 2617 et
1299 2581 1389 2617 VIII
1403 2577 1453 2616 ob
1465 2577 1680 2616 ordinatum
1695 2577 1745 2615 ab

334 2656 380 2680 eo
409 2643 654 2681 Faustianum
679 2643 899 2694 episcopum
922 2645 1141 2693 Aquensem
1163 2643 1204 2680 in
1233 2639 1600 2692 Novempopulania.
1620 2641 1743 2677 Inter-

334 2704 407 2743 fuit
425 2706 586 2743 concilio
605 2705 725 2743 Paris.
745 2707 795 2742 IV
818 2713 855 2742 et
879 2704 1026 2743 Matisc.
1051 2707 1103 2743 II.
1124 2705 1284 2744 Litteras
1308 2703 1419 2742 simul
1448 2710 1485 2741 et
1509 2714 1635 2740 sacras
1657 2702 1745 2740 reli-

335 2767 443 2819 quias
462 2781 485 2806 a
504 2768 687 2820 Gregorio
707 2770 846 2819 Magno
861 2763 1019 2819 accepit.
1043 2769 1129 2816 (R.)
