2002 3418
422 386 498 424 228
827 387 891 424 DE
918 385 1103 424 GLORIA
1132 383 1425 423 MARTYRUM.

942 514 1098 551 CAPUT
1121 513 1310 549 LXXXII.

594 599 647 634 De
661 597 789 634 clerico
806 610 874 646 pro
892 599 1112 635 confessione
1126 598 1307 635 dominica
1325 609 1414 633 ceso
1429 597 1467 632 in
1479 596 1663 645 Hispania.

486 684 579 733 Sed
595 695 642 733 et
668 695 831 734 nostro
852 695 1067 751 tempore
1081 724 1093 748 ,
1122 702 1234 733 cum
1260 683 1561 731 incredulitas
1585 699 1642 731 ac
1663 683 1828 747 iniqua

421 765 703 813 Arianorum
731 775 857 813 secta
883 765 933 812 in
959 764 1077 813 locis
1097 763 1332 829 Hispaniae
1356 779 1441 828 per
1461 761 1697 809 malorum
1721 779 1828 827 pes·

421 841 561 888 simtis
579 841 856 889 assertiones
880 841 1180 889 disseminata
1204 840 1388 900 fuisset,
1415 837 1612 902 quidam
1636 838 1831 886 clericus

420 915 741 981 apprehensus
770 916 1078 964 christianum
1111 933 1159 964 se
1187 933 1286 964 esse
1315 915 1557 963 confessus
1590 924 1684 976 est,
1712 931 1832 963 asse-

421 1008 530 1039 rens
551 992 780 1056 aequalem
801 994 927 1040 Patri
951 993 1119 1040 Filium
1143 1003 1190 1040 et
1213 993 1439 1058 Spiritum
1466 1002 1683 1039 sanctum
1710 1009 1827 1040 esse.

420 1069 509 1115 Cui
530 1070 633 1116 rex¹
644 1070 734 1134 qui
754 1079 967 1134 praeerat,
984 1069 1153 1117 oblatis
1170 1069 1465 1131 muneribus,
1486 1078 1714 1134 tanquam
1733 1085 1832 1118 ma·

415 1145 573 1208 jorem
585 1162 634 1193 se
645 1147 917 1212 suppliciter
930 1146 1289 1211 deprecabatur,
1300 1156 1354 1194 ut
1362 1147 1553 1208 scilicet,
1565 1163 1833 1212 compressa

422 1223 718 1271 confessione
740 1223 800 1271 de
826 1234 997 1272 sanctae
1021 1224 1258 1272 Trinitatis
1280 1223 1543 1288 aequalitate
1556 1261 1570 1285 ,
1598 1224 1834 1271 minorem

423 1303 559 1348 Patre
597 1301 765 1349 Filium
793 1318 906 1350 cum
938 1311 1103 1357 sancto
1139 1301 1315 1367 Spiritu
1349 1300 1586 1349 fateretur.
1625 1300 1769 1359 Quod
1795 1301 1834 1348 si

422 1377 620 1440 faceret,
647 1389 694 1426 et
715 1378 1015 1427 facultatibus
1035 1378 1265 1426 ditaretur
1282 1387 1330 1427 et
1356 1394 1557 1442 magnus
1581 1376 1835 1433 haberetur

421 1455 471 1502 in
504 1456 710 1521 populis.
748 1455 891 1514 Quod
926 1456 1004 1504 ille
1036 1456 1288 1503 consilium
1304 1493 1317 1517 ,
1356 1464 1585 1520 tanquam
1620 1471 1834 1503 morsum

422 1532 592 1597 viperae
622 1533 827 1597 fugiens,
859 1549 915 1581 ac
941 1533 1093 1598 iniqui
1125 1534 1254 1581 virus
1285 1531 1580 1580 mortiferum
1610 1548 1835 1598 respuens

422 1611 605 1673 anguis,
616 1610 786 1675 adjecit
803 1628 906 1659 rex:
926 1631 949 1657 α
966 1612 1136 1674 Video,
1151 1612 1322 1675 inquit,
1338 1611 1508 1659 duram
1522 1611 1834 1659 intentionem

423 1687 594 1734 mentis
624 1688 828 1749 insanae;
867 1688 948 1736 sed
977 1690 1092 1736 novi
1123 1697 1548 1754 temperamentum
1579 1698 1715 1735 tuum
1731 1725 1744 1750 ,
1781 1698 1836 1736 ut

422 1778 567 1826 quem
589 1781 789 1814 munera
822 1782 923 1814 non
961 1765 1220 1813 deflectunt
1258 1764 1391 1812 facile
1421 1774 1658 1813 tormenta
1689 1764 1834 1830 subji-

422 1841 565 1890 ciant.
583 1862 606 1885 »
626 1844 681 1890 At
697 1844 775 1892 ille
795 1862 806 1890 ε
834 1864 857 1888 ε(
874 1845 1066 1892 Utinam
1082 1844 1252 1907 dignus
1269 1842 1465 1904 habear,
1487 1843 1569 1902 ait,
1589 1843 1639 1890 in
1653 1842 1745 1891 hac
1757 1844 1833 1907 ju-

423 1920 573 1984 gulari
593 1921 889 1970 confessione
903 1959 916 1984 ,
936 1938 1050 1969 nam
1070 1937 1271 1968 munera
1290 1930 1372 1967 tua
1399 1930 1627 1984 tanquam
1658 1929 1835 1967 stercus

423 1998 672 2046 exhorreo.
706 2018 730 2044 »
767 2003 901 2047 Tunc
930 2000 1076 2047 iratus
1097 2016 1179 2046 rex
1206 1998 1343 2062 jussit
1377 2014 1487 2045 eum
1514 1997 1575 2045 ad
1602 1997 1835 2044 trochleas

424 2076 614 2124 extendi
631 2087 678 2125 et
696 2077 876 2125 fortiter
893 2078 1032 2139 caedi,
1065 2077 1360 2140 interrogans
1379 2094 1390 2121 ε
1418 2075 1584 2133 «Quid
1609 2074 1793 2122 credis?
1809 2095 1831 2118 n

423 2154 685 2220 Respondit
705 2173 716 2202 ε
738 2176 761 2199 «
775 2158 799 2202 J
802 2172 880 2204 am
897 2155 994 2203 dixi
1005 2154 1092 2202 tibi
1113 2172 1124 2201 ε
1146 2153 1300 2201 Credo
1313 2142 1468 2200 Deum
1482 2156 1664 2200 Patrem
1679 2152 1836 2199 omni-

423 2242 668 2297 potentem
694 2244 742 2281 et
771 2234 941 2281 Filium
970 2233 1071 2297 ejus
1090 2235 1249 2279 Jesum
1271 2230 1526 2278 Christum.
1550 2248 1574 2275 n
1601 2233 1713 2277 Post
1732 2230 1834 2278 haec

423 2325 569 2357 caesus
590 2320 659 2358 est
682 2310 844 2372 valde,
883 2311 966 2359 sed
996 2325 1179 2375 semper
1200 2307 1402 2356 durabat
1430 2308 1480 2355 in
1511 2307 1830 2370 confessione,

424 2404 513 2435 nec
535 2406 750 2453 unquam
774 2406 886 2436 eum
907 2405 936 2436 a
962 2387 1073 2437 fidei
1096 2388 1221 2434 linea
1241 2387 1395 2452 potuit
1417 2386 1518 2434 haec
1542 2395 1724 2434 tortura
1747 2385 1833 2434 de-

422 2464 626 2514 flectere.
639 2469 758 2515 Nam
770 2467 820 2513 in
833 2465 1113 2531 primordio,
1130 2480 1241 2511 cum
1257 2463 1529 2526 caederetur,
1542 2473 1634 2511 tres
1648 2472 1833 2511 tantum

422 2541 676 2590 verberum
694 2544 814 2590 ictus
834 2542 1002 2604 sensit,
1032 2542 1139 2605 qui,
1166 2550 1219 2587 ut
1248 2540 1347 2605 ipse
1377 2550 1541 2605 postea
1573 2538 1828 2601 referebat,

424 2619 573 2682 ipsam
610 2621 820 2668 animam
860 2628 1181 2684 penetrarunt.
1238 2618 1431 2682 Reliqua
1466 2633 1581 2664 vero
1616 2616 1799 2680 flagella
1814 2653 1828 2677 ,

475 2804 529 2850 (1)
558 2805 594 2840 Is
613 2803 698 2852 fuit,
719 2812 760 2842 ut
778 2816 882 2851 reor,
900 2803 1143 2855 Leuvigildus
1160 2806 1266 2852 (ann.
1289 2805 1499 2853 563-586)‚
1517 2803 1584 2854 qui
1601 2803 1831 2854 perseeutio-

422 2876 510 2903 nem
528 2865 567 2904 in
586 2865 792 2905 catholicos
809 2865 942 2906 movit.
962 2867 1041 2915 (R.)
