2002 3418
405 347 479 384 396
857 337 1326 386 ECLAIRCISSEMENTS

473 467 568 503 Dom
590 467 752 504 Ruinart
766 479 817 504 au
833 468 1009 505 cardinal
1023 467 1223 518 d'Aguit-re
1244 468 1269 504 ὰ
1286 469 1413 515 Rome,
1434 468 1483 505 28
1506 469 1603 505 avril
1622 469 1738 508 1699.

561 552 865 594 Eminentissime
880 554 1050 604 domine,

392 654 402 656 ἡ
455 630 702 681 Expectatam
724 629 791 669 diu
816 630 1053 670 occasionem
1068 629 1290 669 Eminentiae
1313 638 1387 670 tuae
1399 628 1614 669 humillima
1625 629 1807 682 obsequia

402 706 488 746 quae
526 694 654 733 animo
697 695 898 735 versabam
929 696 1064 736 litteris
1102 694 1339 749 significandi
1363 694 1508 748 praebet
1537 695 1690 734 tandem
1714 693 1809 733 mihi

403 759 613 813 Gregorius
647 769 777 800 noster
805 762 1036 802 Turonensis
1061 761 1171 811 cujus
1202 775 1362 815 operum
1395 774 1498 801 nova
1529 760 1647 800 editio
1677 759 1809 812 paucis

401 825 542 865 abhinc
554 826 689 866 diebus
710 827 885 867 absoluta
898 858 911 878 ‚
937 841 999 867 me
1026 836 1183 868 curante
1197 857 1208 878 ,
1233 828 1379 868 utinam
1412 836 1451 867 et
1479 836 1517 866 te
1544 825 1780 879 approbante
1798 857 1809 876 ,

401 891 527 930 lucem
545 891 692 943 aspicit.
703 894 846 931 Verum
860 892 942 942 ejus
956 893 1154 945 exemplar
1167 892 1234 932 tibi
1252 906 1276 932 a
1293 892 1542 945 Stephanotio
1556 900 1704 940 nostro,
1722 903 1810 930 meo

401 956 557 995 nomine
573 956 830 1007 offerendum,
850 960 1012 996 Romam
1028 958 1254 998 transmitto.
1276 957 1316 998 Si
1330 971 1425 997 vero
1440 957 1536 997 illud
1550 971 1647 1010 opus
1670 965 1752 1008 tuo,
1770 955 1811 996 id

403 1030 461 1060 est
483 1020 771 1060 eminentissimi
794 1018 1005 1062 Cardinalis
1025 1031 1103 1062 tam
1130 1023 1268 1063 sinceri
1300 1031 1455 1076 tamque
1483 1023 1639 1072 eruditi,
1665 1023 1811 1072 judicio

402 1085 690 1138 comprobetur,
709 1086 796 1138 quis
814 1087 969 1126 demum
987 1087 1171 1127 adversus
1188 1089 1315 1141 ipsum
1325 1089 1388 1129 vel
1400 1089 1599 1128 minimum
1613 1102 1812 1128 susurrare

403 1151 569 1191 audeat?
582 1153 664 1190 Tua
684 1160 812 1191 autem
831 1152 1004 1203 interest,
1024 1153 1140 1193 emin.
1161 1156 1230 1204 D.‚
1250 1163 1406 1203 sartam,
1423 1162 1559 1193 tectam
1571 1161 1610 1192 et
1623 1153 1812 1207 integram

402 1217 578 1270 Gregorii
600 1217 864 1258 auctoritatem
890 1219 1110 1259 conservari
1125 1251 1137 1269 ,
1167 1220 1235 1272 qui
1258 1233 1320 1259 res
1343 1219 1568 1272 Hispanicas
1593 1231 1672 1257 non
1697 1218 1813 1258 semel

403 1283 523 1323 fusius
539 1282 784 1335 prosequitur
805 1298 850 1324 ac
873 1297 1009 1338 regum
1025 1285 1092 1337 qui
1110 1294 1202 1324 tunc
1217 1285 1400 1338 temporis
1422 1285 1464 1324 in
1479 1283 1671 1338 Hispaniis
1688 1283 1816 1336 impe-

403 1351 540 1391 rabant
561 1354 698 1393 seriem
717 1362 755 1393 et
778 1353 961 1405 praeclara
985 1353 1157 1392 facinora
1177 1353 1318 1405 passim
1337 1350 1538 1400 describit3
1556 1352 1690 1400 immo,
1710 1350 1816 1403 quod

404 1417 525 1456 multo
543 1419 664 1472 magis
679 1418 748 1457 tibi
768 1418 876 1457 cordi
893 1431 975 1458 esse
991 1419 1085 1467 scio,
1106 1418 1285 1471 Gregorii
1305 1430 1424 1472 opera
1439 1430 1520 1456 non
1538 1429 1675 1470 parum
1692 1416 1817 1456 inser-

403 1483 514 1522 viunt
531 1491 612 1522 tum
630 1484 681 1523 ad
701 1483 894 1537 praecipua
911 1497 1066 1537 quoque
1091 1482 1350 1522 ecclesiasticae
1375 1481 1584 1534 disciplinae
1607 1481 1732 1534 capita
1761 1480 1817 1520 il-

403 1549 622 1599 lustranda,
656 1558 737 1589 tum
762 1550 811 1591 ad
847 1550 1109 1591 confirmanda
1136 1550 1315 1604 dogmata
1342 1548 1431 1589 fidei
1458 1548 1666 1589 catholicae.
1691 1551 1750 1586 Ex
1769 1561 1817 1587 eo

404 1617 549 1670 quippe
578 1627 764 1670 quantum
796 1618 890 1657 libet
912 1617 1078 1658 barbaro
1103 1617 1204 1669 stylo
1228 1630 1300 1669 pro
1325 1617 1439 1670 genio
1466 1616 1525 1655 sui
1553 1615 1626 1655 aevi
1648 1615 1817 1654 conscri-

405 1684 544 1734 pserit‚
570 1684 751 1723 discimus
773 1684 908 1723 eadem
933 1684 1091 1723 omnino
1115 1683 1321 1736 apati-ibus
1343 1681 1483 1721 nostris
1500 1681 1645 1720 credita
1666 1682 1757 1720 olim
1773 1694 1818 1720 ac

405 1756 556 1787 servata
568 1749 698 1797 fuisse,
712 1763 797 1801 quae
812 1749 852 1787 in
867 1752 1056 1795 Romana,
1075 1748 1115 1787 id
1130 1757 1186 1787 est
1199 1747 1386 1787 catholica
1404 1746 1579 1795 ecclesia,
1593 1746 1819 1797 utloquitur

404 1813 486 1866 ipse
512 1814 737 1867 Gregorius,
756 1814 873 1853 hodie
890 1814 1081 1854 credimus
1103 1827 1147 1853 ac
1174 1826 1384 1852 servamus.
1407 1811 1519 1861 Quod
1545 1811 1578 1850 si
1599 1811 1708 1851 illum
1726 1819 1816 1860 tuo,

405 1881 521 1920 emin.
536 1884 605 1931 D.,
617 1881 827 1934 patrocinio
844 1881 1046 1934 indignum
1067 1894 1147 1920 non
1152 1879 1401 1930 judicaveris,
1420 1877 1600 1917 omnibus
1627 1876 1820 1930 approba-

405 1955 485 1985 tum
497 1947 546 1985 iri
563 1960 642 1985 non
660 1946 835 1999 despero,
859 1947 1051 1986 Plurimos
1069 1946 1138 1985 tibi
1161 1955 1199 1985 et
1215 1957 1421 1998 prosperos
1437 1957 1560 1983 annos
1589 1943 1632 1983 in
1651 1943 1820 1983 ecclesiae

407 2021 445 2061 et
462 2012 608 2051 ordinis
630 2011 751 2050 nostri
767 2012 1006 2051 Benedictini
1021 2012 1168 2051 bonum
1187 2018 1418 2064 apprecatur
1444 2010 1608 2049 domnus
1626 2009 1822 2049 Iohannes

407 2077 608 2127 Mabisson,
632 2078 736 2130 quod
759 2086 797 2118 et
818 2091 890 2131 ego
911 2091 934 2118 a
952 2080 1036 2118 Deo
1063 2080 1152 2131 Opt.
1173 2077 1343 2117 Maximo
1363 2075 1462 2116 votis
1481 2075 1638 2116 ‘sinceris
1655 2075 1821 2129 efflagito

407 2143 630 2183 Eminentiae
652 2153 727 2183 tuae
742 2173 754 2194 ‚
771 2144 1040 2185 devotissimus
1059 2152 1097 2183 et
1112 2143 1351 2183 humillimus
1369 2154 1517 2182 servus.

706 2235 761 2272 Le
777 2232 896 2271 me‘me
916 2245 968 2271 au
984 2233 1161 2271 cardinal
1178 2232 1350 2270 Coloredo
1366 2231 1518 2280 (1699).

462 2315 595 2355 Prodit
614 2315 656 2356 in
673 2316 798 2356 lucem
818 2316 962 2369 aliquot
987 2316 1127 2356 abhinc
1161 2315 1296 2355 diebus
1317 2313 1526 2367 Gregorius
1557 2320 1686 2352 noster
1702 2314 1829 2352 'hum'

409 2381 554 2431 nensis,
577 2382 685 2431 cujus
704 2396 866 2435 operum
881 2396 991 2422 novae
1008 2381 1166 2422 editioni
1183 2380 1414 2420 adornandae
1430 2387 1530 2418 totus
1547 2392 1571 2417 a
1585 2378 1742 2418 biennio
1758 2378 1824 2417 in-

409 2447 555 2497 cubui;
592 2451 755 2488 Romam
796 2449 943 2501 aliquot
976 2449 1057 2498 ejus
1090 2447 1323 2499 exemplaria
1352 2444 1565 2484 transmitto
1596 2457 1645 2483 ex
1683 2442 1824 2496 quibus

410 2526 530 2551 unum
555 2511 780 2554 Eminentiae
798 2523 871 2554 tuae
886 2527 974 2554 meo
997 2513 1152 2554 nomine
1171 2513 1306 2551 offeret
1329 2510 1595 2563 Stephanotius
1611 2518 1755 2549 noster.
1782 2510 1823 2550 Si

411 2591 505 2617 vero
535 2579 631 2617 illud
658 2593 755 2633 opus
786 2589 851 2620 tua
873 2594 953 2620 non
983 2579 1182 2632 indignum
1209 2577 1487 2617 existimaveris
1520 2575 1820 2629 approbatione,

412 2644 556 2683 nemini
577 2659 656 2685 non
674 2655 873 2698 acceptum
897 2647 979 2686 fore
1000 2644 1166 2684 confido.
1195 2646 1242 2683 Et
1259 2643 1416 2695 quidem
1445 2642 1592 2695 indiget
1615 2642 1824 2694 Gregorius

412 2717 575 2762 patrono
606 2711 759 2750 oculato
788 2725 897 2764 aeque
919 2725 964 2751 ac
998 2709 1144 2764 potenti
1163 2718 1295 2749 contra
1329 2722 1502 2748 morosos
1522 2707 1728 2748 nonnullos
1755 2706 1825 2745 ho-

414 2775 535 2814 mines
555 2775 623 2827 qui
646 2776 729 2825 ejus
757 2777 844 2828 styli
869 2776 1088 2816 barbariem
1116 2775 1301 2814 habentes
1326 2774 1477 2813 fastidio
1497 2782 1564 2813 aut
1589 2780 1693 2811 certe
1710 2772 1824 2811 mira-

414 2841 589 2880 culorum
608 2855 693 2893 quae
706 2842 844 2893 passim
863 2850 1016 2881 enarrat
1033 2840 1275 2880 multitudine
1290 2840 1456 2893 pertaesi,
1472 2853 1560 2879 eum
1578 2845 1824 2878 contemnunt
1858 2876 1863 2881 ,
