2002 3418
359 300 434 337 176
756 303 822 339 DE
849 300 1037 339 GLORIA
1066 302 1364 341 MARTYRUM.

358 393 416 436 Et
437 390 550 454 quia
578 391 845 439 admirabili
871 409 1041 458 opere,
1078 409 1136 440 ex
1172 394 1359 440 musivo
1387 393 1598 458 quodam
1624 394 1773 441 modo

357 468 604 531 deaurata,
631 470 916 535 resplendet,
946 473 1144 519 Sanctos
1167 473 1345 518 Aureos
1364 472 1516 536 ipsam
1531 470 1775 519 basilicam

357 546 525 593 incolae
552 548 759 596 vocitare
790 548 1062 596 voluerunt.
1100 549 1325 607 Quodam
1348 559 1508 596 autem
1536 558 1771 614 tempore,

357 621 653 687 Eberegisili¹
681 626 913 691 episcopi,
940 627 1024 691 qui
1042 636 1156 674 tunc
1179 627 1322 691 hujus
1347 626 1479 674 urbis
1512 635 1613 672 erat
1645 626 1776 672 anti-

359 710 468 762 stes,
507 702 673 767 capitis
702 704 929 751 medietas
960 704 1128 752 validis
1159 704 1407 752 doloribus
1447 702 1772 768 quatiebatur3

357 789 458 825 erat
476 790 636 826 autem
654 790 767 827 tunc
786 782 1013 847 temporis
1030 783 1079 829 in
1099 783 1210 830 villa
1229 783 1409 848 oppido
1423 781 1664 848 proxima3
1679 797 1776 845 quo

358 857 543 920 dolore,
571 869 625 906 ut
646 859 867 921 diximus,
892 860 1029 908 valde
1051 871 1345 922 attenuatus,
1372 861 1499 908 misit
1520 860 1778 907 diaconum

359 952 500 982 suum
521 936 583 983 ad
606 939 890 984 Sanctorum
912 937 1176 986 basilicam.
1199 942 1274 1000 Et,
1301 939 1414 1003 quia
1432 939 1481 985 in
1498 938 1643 1003 ipsius
1661 948 1780 984 tem-

359 1012 426 1076 pli
447 1013 607 1060 medio
629 1023 801 1078 puteus
822 1031 923 1061 esse
947 1015 1135 1077 dicitur,
1161 1016 1211 1062 in
1235 1033 1332 1080 quo
1352 1016 1511 1063 Sancti
1529 1024 1636 1080 post
1656 1030 1778 1061 mar-

362 1089 537 1152 tyrium
561 1091 738 1155 pariter
759 1101 871 1138 sunt
892 1091 1113 1155 conjecti,
1143 1092 1396 1140 collectum
1423 1093 1593 1140 exinde
1615 1093 1777 1158 pulve-

360 1184 462 1214 rem
474 1167 642 1214 detulit
662 1169 912 1216 sacerdoti.
931 1172 1127 1231 Verum,
1152 1168 1236 1216 ubi
1258 1171 1430 1218 exinde
1448 1179 1591 1235 caput
1607 1170 1774 1234 attigit,

360 1245 597 1311 extemplo
621 1246 760 1294 dolor
780 1248 936 1294 omnis
955 1256 1199 1312 exemptus
1221 1257 1308 1294 est.

911 1393 1067 1428 CAPUT
1097 1392 1234 1428 LXIII.

881 1480 933 1515 De
949 1489 1070 1516 sancto
1084 1480 1250 1516 Malloso.

430 1561 500 1610 Ab
523 1564 614 1611 hoc
639 1565 784 1611 etiam
804 1565 1048 1613 sacerdote
1067 1565 1218 1613 sancti
1239 1564 1457 1629 martyris
1475 1563 1656 1611 Mallosi
1677 1579 1780 1610 cor-

364 1658 453 1706 pus
475 1651 717 1705 repertum
746 1652 815 1689 est
842 1642 940 1690 hoc
961 1643 1147 1691 modo'.
1177 1645 1298 1689 Cum
1330 1641 1456 1689 fama
1484 1641 1625 1689 ferret
1648 1641 1779 1687 hunc

364 1720 494 1784 apud
518 1722 828 1768 Bertunense⁸
847 1722 1081 1787 oppidum
1101 1721 1381 1785 martyrium
1406 1735 1775 1780 consummasse,

366 1797 608 1845 occultum
625 1808 727 1846 erat
750 1798 1027 1846 hominibus
1049 1799 1140 1846 illis
1163 1815 1260 1863 quo
1282 1798 1332 1844 in
1353 1797 1463 1845 loco
1484 1797 1745 1862 quiesceret
1763 1813 1774 1841 ε

367 1885 468 1923 erat
488 1885 649 1923 tamen
670 1877 933 1924 oratorium
955 1876 1098 1938 inibi,
1126 1877 1176 1923 in
1199 1892 1296 1940 quo
1320 1892 1498 1923 nomen
1519 1875 1620 1939 ejus
1638 1874 1780 1921 invo-

367 1953 583 2001 cabatur.
619 1954 927 2019 Supradictus
954 1972 1068 2003 vero
1102 1953 1317 2021 pontifex
1341 1954 1392 2000 in
1418 1953 1656 2000 honorem
1680 1953 1781 2016 ejus

368 2028 613 2078 basilicam
627 2031 893 2094 aedificavit,
912 2042 966 2079 ut
988 2032 1182 2093 scilicet,
1209 2048 1321 2078 cum
1336 2030 1515 2095 aliquid
1533 2029 1780 2077 revelatio-

369 2109 443 2156 nis
464 2109 524 2157 de
545 2120 751 2175 martyre
773 2111 1032 2176 acciperet,
1058 2111 1108 2157 in
1130 2126 1187 2158 ea
1209 2109 1376 2157 beatos
1397 2119 1547 2170 artus,
1570 2107 1780 2154 Domino

368 2198 634 2249 annuente,
658 2188 946 2236 transferret.
982 2189 1200 2253 Denique
1230 2190 1279 2235 in
1309 2189 1455 2235 latere
1478 2187 1705 2248 basilicae,
1731 2186 1782 2234 id

369 2274 455 2326 est,
481 2264 531 2311 in
553 2265 732 2330 pariete
755 2266 838 2330 q'ui
856 2283 885 2314 a
903 2275 1036 2332 parte
1059 2275 1160 2313 erat
1180 2265 1398 2327 oratorii,
1425 2265 1475 2311 in
1500 2263 1665 2311 absida
1684 2263 1781 2310 col-

369 2340 502 2405 legit,
539 2343 815 2407 praestolans
848 2343 1044 2390 Domini
1065 2342 1439 2390 misericordiam
1459 2341 1576 2406 quid
1593 2339 1784 2405 juberet

373 2417 431 2464 de
454 2428 659 2483 martyre
682 2420 895 2467 revelari.
938 2423 1049 2467 Post
1076 2419 1178 2466 haec
1202 2419 1432 2466 diaconus
1451 2419 1647 2483 quidam
1667 2420 1782 2465 Met·

426 2608 478 2655 (1)
499 2609 591 2659 Sup.
617 2609 709 2655 478,
732 2606 960 2659 Eberigisili.

425 2670 481 2718 (2)
499 2673 574 2710 An.
596 2671 689 2717 286,
706 2671 756 2708 10
776 2677 852 2709 oct.

426 2733 480 2779 (3)
499 2732 593 2770 Cod.
614 2732 722 2771 Colb.
741 2746 778 2778 a,
799 2737 1077 2781 Berte'nensem‘3
1095 2732 1203 2774 Colb.
1222 2742 1293 2772 tut.
1315 2738 1611 2773 Bertuntensem.
1631 2732 1713 2784 (R.)
1728 2752 1784 2762 -

374 2796 651 2842 Bereunensim,
677 2795 782 2834 2204
801 2803 839 2833 et
856 2809 968 2847 supp.
991 2797 1081 2835 478.
