2002 3418
416 328 491 364 154
813 328 879 364 DE
910 326 1098 365 GLORIA
1124 326 1420 366 MARTYRUM.

410 425 492 462 aut
519 415 628 463 ferri
664 416 929 481 potuissent
959 417 1060 463 sine
1090 431 1226 463 mora
1261 415 1469 463 dissolvi.
1503 417 1623 463 Vere
1651 432 1823 481 magna

409 492 589 541 ibidem
611 494 757 541 virtus
772 495 1029 560 apparuit,
1055 510 1160 557 quae
1193 494 1427 559 populum
1448 493 1511 541 ad
1535 494 1622 541 Dei
1642 495 1823 542 cultum

409 580 456 618 et
476 570 713 619 honorem
736 573 808 619 sui
830 572 1038 619 nominis
1056 571 1317 618 roboravit.
1334 571 1446 632 Qui,
1466 571 1588 618 facta
1602 570 1824 636 deinceps

410 648 501 696 alia
529 650 579 696 in
602 649 774 698 eodem
792 651 901 699 loco
921 650 1138 711 basilica,
1168 659 1352 698 sanctas
1375 649 1598 713 reliquias
1618 649 1669 696 in
1689 650 1822 697 altari

409 736 688 789 posuerunt,

977 830 1133 866 CAPUT
1157 831 1259 866 LIII.

806 913 857 948 De
871 914 975 949 beato
994 915 1164 950 Marcello
1183 913 1433 950 Cavillonensi.

478 1002 549 1046 De
565 1000 692 1048 beati
707 1017 822 1048 vero
835 1003 1058 1063 Marcelli,
1069 1003 1407 1051 Cavillonensis
1415 1005 1427 1028 ¹
1437 1002 1672 1066 martyris,
1684 1001 1827 1048 virtu-

412 1075 539 1123 tibus
580 1094 734 1142 pauca
769 1077 831 1125 ad
867 1095 958 1126 nos
990 1079 1222 1127 mittenda
1257 1081 1497 1127 memoriae
1533 1079 1827 1126 monimenta

411 1164 660 1201 venerunt.
682 1157 815 1217 Quae,
838 1155 1101 1219 quamlibet
1114 1173 1261 1221 parva
1285 1166 1566 1204 censeantur
1586 1157 1637 1202 in
1657 1155 1794 1203 dictis
1809 1193 1822 1216 ,

412 1231 470 1278 ad
496 1249 608 1280 eum
626 1243 786 1281 tamen
807 1234 1055 1282 referenda
1072 1245 1183 1281 sunt
1198 1235 1281 1298 qui
1298 1235 1398 1282 haec
1417 1243 1642 1299 operatur
1665 1234 1716 1280 in
1737 1234 1828 1280 sin-

413 1311 549 1373 gulis.
583 1314 736 1359 Causa
759 1312 977 1376 quaedam
1008 1314 1260 1371 exstiterat,
1287 1323 1340 1359 ut
1361 1312 1610 1359 Fedamius
1626 1348 1639 1372 ,
1664 1313 1827 1357 Euno-

414 1388 516 1434 mii²
532 1389 781 1451 quondam
799 1391 993 1437 Arverni
1011 1390 1274 1455 presbyteri
1293 1389 1432 1451 filius,
1453 1388 1829 1436 Cavillonensem

413 1465 584 1512 urbem
597 1466 787 1528 adiret³,
807 1467 1031 1531 idemque
1048 1468 1178 1532 apud
1189 1467 1430 1515 basilicam
1447 1466 1596 1514 sancti
1614 1465 1831 1529 martyris

412 1544 621 1590 Marcelli
655 1544 940 1610 hospitalem
972 1545 1200 1608 habebat,
1245 1545 1306 1592 ab
1347 1544 1520 1592 abbate
1553 1543 1647 1590 loci
1677 1543 1830 1590 victus

414 1621 649 1686 stipendia
683 1623 900 1687 capiens;
940 1623 1039 1688 ipse
1074 1624 1204 1670 enim
1240 1639 1344 1687 quae
1383 1622 1556 1686 loquor
1591 1621 1823 1685 exposuit.

415 1703 541 1746 Inter
570 1700 718 1762 duos,
756 1702 932 1765 inquit,
966 1702 1096 1748 viros
1131 1711 1235 1748 orta
1268 1700 1355 1747 fuit
1383 1699 1582 1746 intentio
1612 1716 1623 1744 ε
1661 1698 1829 1762 hisque

416 1777 720 1840 litigantibus,
746 1779 796 1826 in
823 1779 918 1826 hoc
939 1779 996 1826 lis
1018 1779 1120 1844 ipsa
1138 1778 1308 1840 subiit,
1334 1788 1388 1825 ut
1405 1794 1512 1825 eam
1533 1784 1828 1824 sacramento

414 1854 713 1915 dirimerent3
736 1857 1026 1920 ingressique
1050 1855 1295 1903 basilicam
1315 1855 1465 1902 sancti
1479 1853 1714 1917 martyris,
1740 1852 1831 1899 ele-

417 1933 532 1980 vatis
566 1933 716 1980 homo
753 1933 975 1981 manibus
1011 1933 1073 1980 ad
1098 1933 1466 1998 perjurandum,
1503 1946 1615 1978 cum
1651 1945 1829 1976 nomen

414 2011 565 2057 sancti
599 2011 824 2058 voluisset
857 2027 941 2057 ore
975 2011 1140 2075 patulo
1176 2010 1424 2057 nominare
1438 2046 1452 2070 ,
1490 2007 1624 2066 haesit
1653 2023 1748 2054 vox
1779 2007 1829 2053 in

415 2087 648 2149 faucibus,
673 2104 764 2135 nec
786 2088 950 2152 lingua
971 2097 1158 2152 poterat
1181 2087 1243 2134 ad
1262 2086 1475 2134 officium
1495 2085 1690 2133 reflecti.
1716 2083 1827 2144 Sed,

415 2181 475 2211 ne
496 2165 592 2211 hoc
616 2164 812 2228 quidem
836 2181 1009 2231 parum
1031 2165 1268 2212 videretur
1292 2164 1354 2212 ad
1376 2163 1504 2212 beati
1528 2161 1713 2210 athletae
1735 2161 1831 2223 glo-

414 2241 560 2302 riam',
598 2242 697 2307 ipse
727 2259 838 2289 cum
869 2243 1062 2290 elevatis
1095 2241 1316 2289 manibus
1352 2240 1485 2304 quasi
1514 2254 1672 2286 aeneus
1703 2246 1831 2283 totus

415 2318 614 2382 irriguit.
647 2322 778 2366 Tunc
807 2321 959 2367 oratio
985 2320 1106 2366 facta
1126 2335 1214 2383 pro
1236 2335 1295 2366 eo
1317 2316 1501 2365 absolvi
1522 2314 1702 2377 diaboli
1730 2323 1830 2361 arte

420 2395 630 2441 vinctum
671 2395 878 2442 obtinuit
909 2413 919 2441 :
948 2396 1047 2460 ipse
1089 2411 1297 2458 quoque,
1335 2402 1442 2459 post
1478 2391 1830 2441 absolutionem

417 2489 636 2520 sermone
657 2475 854 2539 proprio
877 2490 999 2539 opus
1018 2490 1158 2520 suum
1179 2472 1438 2534 confessus,
1463 2488 1569 2537 quae
1594 2469 1831 2534 negligen-

417 2559 488 2595 ter
512 2561 670 2613 egerat
693 2551 979 2598 emendavit.

473 2699 526 2752 (1)
543 2700 654 2738 Colb.
675 2710 746 2740 tut.
765 2714 916 2753 semper
935 2701 1220 2741 cabillonensis.

471 2763 527 2810 (2)
542 2764 726 2810 Eunomi‚
748 2765 878 2810 2204;
901 2765 1118 2801 Foedamius
1133 2764 1308 2810 Eunomi,
1330 2776 1416 2814 sup.
1439 2763 1532 2802 478.

471 2827 527 2874 (3)
546 2828 622 2864 An.
644 2828 738 2873 179,
758 2829 783 2864 4
805 2834 902 2878 sept.
924 2828 1005 2875 (R.)
