2002 3418
338 290 414 326 150
735 290 803 327 DE
830 288 1017 328 GLORIA
1042 290 1339 331 MARTYRUM.

336 377 464 425 tibus
497 388 713 426 sanctum
741 379 904 444 praeire
929 381 1233 443 Benignum¹.
1265 400 1288 423 2>
1316 382 1426 427 Haec
1451 379 1606 442 effata,
1626 380 1749 429 basi-

336 455 476 502 licam
509 454 569 502 de
608 471 704 520 qua
733 473 916 519 egressa
949 457 1100 505 fuerat
1134 457 1404 520 ingrediens
1420 493 1434 519 ,
1475 458 1593 504 nulli
1627 459 1749 506 ultra

337 533 619 598 comparuit.
648 534 971 582 Autumabant
994 536 1122 583 enim
1152 536 1252 599 ejus
1280 535 1508 600 temporis
1532 535 1752 585 homines

335 608 527 657 beatam
539 609 606 657 ibi
625 611 896 675 apparuisse
910 611 1240 659 Paschasiam’.
1256 613 1407 676 Super
1419 610 1628 676 lapidem
1637 628 1750 660 vero

336 687 488 749 illum,
517 688 567 734 in
591 704 688 751 quo
712 705 823 736 cum
844 689 1046 754 plumbo
1076 691 1271 737 remisso
1291 690 1437 755 pedes
1458 690 1558 754 ejus
1578 689 1753 737 confixi

337 765 543 826 fuerunt,
571 765 703 813 factis
724 767 910 829 loculis,
931 768 1098 814 vinum
1117 777 1199 815 aut
1220 768 1417 815 siceram
1439 768 1573 814 multi
1598 767 1753 814 insun-

337 844 460 892 dunt
478 862 489 890 :
513 845 658 904 unde,
687 846 724 892 si
747 855 829 893 aut
850 846 976 893 oculi
997 846 1281 911 lippitudine
1304 846 1505 910 gravati,
1531 855 1613 892 aut
1630 862 1754 909 quae-

336 920 452 968 libet
486 923 684 969 vulnera
718 921 892 969 fuerint
912 933 1166 987 peruncta,
1192 924 1409 988 protinus
1439 923 1598 986 fugata
1620 921 1752 969 infir-

338 999 499 1045 mitate
523 1009 774 1060 sanantur,
811 999 945 1063 quod
977 1016 1064 1062 ego
1099 1001 1340 1048 evidenter
1375 1010 1594 1066 expertus
1626 1017 1747 1046 sum.

340 1078 476 1137 Nam,
507 1092 619 1122 cum
647 1076 766 1122 mihi
803 1076 950 1123 nimia
977 1077 1259 1142 lippitudine
1282 1078 1408 1124 oculi
1427 1088 1749 1141 gravarentur,

337 1169 395 1200 ex
417 1153 513 1199 hoc
534 1163 717 1201 sacrato
741 1154 951 1216 unguine
973 1163 1147 1216 tactus,
1174 1154 1341 1202 dolore
1363 1156 1581 1220 protinus
1602 1156 1750 1203 carui.

338 1232 461 1276 Cum
481 1241 642 1278 autem
663 1230 726 1278 ad
740 1234 999 1279 Arvernam
1013 1233 1257 1295 regionem
1278 1233 1380 1279 lues
1400 1232 1479 1279 illa
1491 1232 1756 1295 inguinaria

339 1303 608 1372 adveniret,
635 1327 740 1375 quae
765 1311 915 1358 sancti
946 1311 1067 1358 Galli
1093 1311 1305 1376 episcopi
1326 1311 1540 1358 oratione
1560 1310 1755 1375 depulsa

338 1397 408 1434 est
422 1389 452 1448 ⁸,
491 1398 538 1435 et
568 1389 619 1435 in
647 1388 801 1436 subita
833 1389 1236 1453 contemplatione
1262 1389 1463 1454 parietes
1498 1388 1755 1436 domorum

340 1475 482 1528 atque
526 1467 833 1514 ecclesiarum
873 1467 1171 1530 signarentur
1212 1476 1354 1530 atque
1395 1476 1753 1527 caraxarentur,

340 1544 480 1590 matri
500 1560 617 1591 meae
638 1544 859 1609 apparuit
886 1545 936 1606 in
958 1544 1061 1591 visu
1083 1543 1237 1590 noctis
1260 1543 1392 1607 quasi
1414 1543 1596 1603 vinum,
1622 1543 1754 1606 quod

339 1620 659 1684 iffapothecis
681 1621 852 1667 nostris
875 1620 1162 1681 habebatur,
1191 1621 1379 1683 sanguis
1400 1629 1519 1666 esset
1539 1618 1748 1667 effectus.

340 1697 428 1744 Cui
445 1697 724 1745 lamentanti
742 1714 798 1745 ac
820 1698 995 1746 dicenti
1018 1716 1028 1744 :
1054 1718 1075 1743 α
1101 1701 1177 1744 Vae
1194 1697 1330 1758 mihi,
1355 1697 1467 1761 quia
1488 1697 1668 1759 signata
1685 1706 1755 1743 est

338 1775 486 1839 plagae
510 1775 683 1822 domus
704 1774 835 1823 mea!
867 1796 889 1819 n
924 1776 990 1823 ait
1018 1776 1062 1822 ei
1085 1776 1157 1822 vir
1183 1775 1379 1839 quidam
1403 1793 1413 1821 :
1450 1794 1474 1820 «
1500 1775 1631 1821 Nosti
1646 1812 1658 1836 ,
1685 1775 1754 1820 in-

338 1852 469 1915 quit,
504 1852 637 1915 quod
674 1863 783 1917 post
815 1852 969 1918 pridie
989 1891 1001 1914 ,
1039 1852 1172 1918 quod
1203 1853 1291 1899 erit
1326 1853 1377 1898 in
1395 1851 1625 1914 'kalendis
1659 1868 1753 1898 no-

337 1930 545 1983 vembris
559 1969 571 1991 ,
622 1932 780 1996 passio
824 1932 1020 1994 Benigni
1063 1931 1280 1995 martyris
1322 1929 1669 1978 celebrabitur?
1691 1956 1755 1963 -

338 2009 488 2070 Novi,
525 2010 606 2056 ait.
633 2037 697 2045 —
716 2008 875 2070 Vade,
909 2009 1086 2073 inquit,
1111 2019 1159 2056 et
1192 2008 1331 2071 vigila
1368 2017 1520 2055 totam
1562 2016 1753 2064 noctem

336 2085 387 2131 in
409 2085 614 2147 honore,
639 2102 694 2133 ac
719 2102 892 2133 revoca
905 2087 919 2111 ¹·
940 2086 1120 2147 missas,
1143 2096 1190 2132 et
1207 2085 1481 2132 liberaberis
1499 2101 1529 2132 a
1543 2084 1698 2149 plaga.
1726 2104 1749 2127 »

336 2164 670 2227 Expergefacta
695 2174 854 2211 autem
882 2180 911 2211 a
934 2179 1123 2224 somnO,
1161 2163 1372 2228 implevit
1397 2178 1502 2225 quae
1532 2160 1622 2208 sibi
1658 2160 1753 2207 fue-

335 2250 443 2287 rant
462 2241 709 2305 imperata,
730 2241 1014 2304 signatisque
1034 2240 1301 2287 vicinorum
1323 2237 1563 2299 domibus,
1580 2237 1752 2285 domus

335 2328 498 2365 nostra
525 2319 752 2366 inviolata
777 2318 1049 2383 permansit.

387 2472 439 2525 (1)
472 2472 729 2525 Operantibus
756 2473 898 2510 adessev
917 2480 1085 2509 sanctum
1120 2470 1367 2522 presbiterum
1399 2473 1608 2523 Benignum
1625 2501 1637 2522 ,
1673 2483 1745 2510 mS.

332 2536 381 2572 18
480 2536 482 2538 ’

384 2537 452 2647 ἐξ).
464 2600 556 2646 Quae
576 2605 788 2649 sequuntur
806 2609 856 2635 ex
872 2597 947 2635 hoc
964 2571 1095 2648 capite·
1106 2596 1243 2635 desunt
1261 2596 1301 2635 in
1319 2597 1420 2638 Clar.
1438 2596 1479 2636 b.

385 2661 441 2708 (3)
473 2659 561 2700 Vid.
584 2661 701 2708 Hist.,
721 2658 789 2699 lib.
812 2660 878 2705 IV,
899 2671 986 2710 cap.
1005 2673 1045 2699 v.

383 2723 440 2770 (¹1.)
466 2722 511 2759 Id
530 2731 601 2770 est,
622 2720 808 2761 celebrari
825 2730 975 2762 curato.
995 2721 1090 2760 Vide
1106 2721 1254 2774 Liturg.
1273 2722 1410 2763 Gallie.
1434 2721 1502 2760 lib.
1519 2723 1553 2768 1,
1577 2733 1662 2772 cap.
1690 2733 1745 2765 vr,

330 2794 373 2824 n.
396 2785 436 2825 4.
457 2786 538 2833 (R.)
