2002 3418
397 318 472 355 174
793 318 860 354 DE
889 317 1077 356 GLORIA
1109 317 1409 357 MARTYRUM.

399 407 557 471 potius
581 407 678 454 huc
698 407 857 471 aliqua
874 409 1063 469 inferre,
1086 423 1185 454 non
1205 407 1390 455 auferre
1414 407 1638 456 debebas.
1659 429 1681 452 >1
1706 412 1811 456 Non

395 485 597 532 mollivit
626 485 836 533 hominis
869 486 999 533 avari
1027 486 1241 532 animum
1275 483 1462 532 abbatis
1489 485 1612 534 illius
1643 486 1812 552 praedi·

378 559 545 620 catio3
569 560 652 607 sed
670 561 828 625 potius
850 578 1118 621 succensus,
1141 560 1312 607 minari
1332 560 1376 607 ei
1394 560 1538 625 coepit
1553 577 1608 607 ac
1626 560 1809 608 dicere:

399 659 423 682 ι(
442 637 541 684 Nisi
564 638 665 684 sine
689 654 826 685 mora
846 638 1074 685 refuderis
1098 637 1335 698 balteum,
1362 654 1511 685 manu
1528 654 1635 686 mea
1654 639 1815 686 interi-

399 715 557 763 mer1s.
584 737 607 760 »
629 719 763 763 Tunc
784 717 935 764 victus
957 716 1107 764 abbas
1138 716 1346 781 speciem
1368 732 1510 782 super
1542 716 1687 764 altare
1719 733 1816 780 quo

397 804 560 841 sancta
571 803 794 858 teguntur
808 795 1011 859 pignora
1029 795 1296 856 collocavit,
1315 794 1478 842 dicens
1497 812 1508 840 :
1531 815 1554 838 c<
1575 797 1644 841 En
1667 794 1817 860 ipsam

399 886 546 935 quam
581 872 702 936 petis
735 872 1024 933 reticulam¹3
1053 872 1091 919 si
1122 882 1276 919 metus
1308 872 1366 919 de
1394 873 1565 919 virtute
1602 872 1819 936 Martyris

399 948 557 995 nullus
568 959 654 1010 est,
679 949 828 996 aufer.
849 950 949 996 Erit
966 950 1112 1010 enim,
1135 959 1189 996 ut
1207 949 1510 1011 confidimus,
1537 949 1597 997 de
1621 950 1818 1012 vestigio

395 1025 542 1088 judex
556 1063 569 1087 ,
594 1026 633 1072 si
659 1014 717 1074 'ea
738 1027 922 1074 auferre
947 1028 1317 1093 praesumpseris.
1349 1048 1372 1072 ³)
1400 1031 1456 1075 At
1478 1028 1556 1075 ille
1581 1027 1701 1075 nihil
1724 1045 1821 1075 me-

400 1114 539 1151 tuens
562 1104 780 1166 abstulit,
802 1105 977 1169 jubens
1002 1105 1092 1152 sibi
1112 1122 1291 1170 equum
1313 1115 1424 1154 ante
1447 1107 1600 1171 ipsam
1617 1105 1820 1154 basilicae

317 1204 326 1214 ·
401 1183 639 1247 porticum
656 1184 925 1248 praeparari.
946 1184 1033 1230 Cui
1045 1184 1111 1231 ait
1127 1183 1371 1231 sacerdos:
1394 1202 1418 1228 «
1428 1184 1592 1231 Nullus
1606 1201 1819 1249 unquam

402 1259 452 1306 in
470 1260 694 1308 hocloco
716 1277 895 1325 equum
916 1262 1213 1327 praesumpsit
1230 1261 1502 1309 ascendere.
1529 1264 1619 1323 Da,
1641 1279 1816 1326 quaeso,

404 1337 605 1401 gloriam
627 1342 758 1401 Deo,
795 1349 841 1386 et
871 1339 1062 1387 honora
1093 1349 1373 1404 martyrem,
1405 1341 1466 1386 ne
1499 1339 1612 1386 mali
1642 1338 1822 1403 aliquid

403 1417 610 1482 patiaris.
643 1435 667 1461 »
693 1417 774 1463 Ille
798 1433 911 1464 vero
932 1417 1159 1465 mandata
1176 1417 1420 1480 negligens
1444 1416 1699 1464 sacerdotis
1714 1454 1726 1478 ,
1750 1433 1821 1464 as-

405 1512 549 1542 censo
569 1495 619 1541 in
635 1495 755 1542 atrio
775 1505 939 1542 sancto
958 1496 1132 1560 equite,
1159 1494 1243 1542 ubi
1262 1495 1421 1558 egredi
1434 1495 1580 1557 venit,
1599 1511 1822 1560 percusso

405 1573 468 1620 ad
493 1582 641 1638 portae
670 1573 816 1620 limen
844 1574 1059 1639 superius
1081 1574 1257 1638 capite,
1284 1573 1347 1620 ad
1368 1573 1573 1620 humum
1594 1582 1711 1620 testa
1732 1572 1825 1620 dis-

406 1660 546 1716 rupta
584 1652 763 1698 corruit
779 1689 791 1713 ,
842 1651 1158 1715 manibusque
1192 1668 1389 1699 suorum
1424 1650 1698 1717 deportatus
1713 1689 1726 1713 ,
1771 1661 1824 1698 ut

407 1727 649 1791 tugurium
673 1728 919 1792 cujusdam
935 1729 1230 1794 pauperculi,
1257 1727 1390 1793 quod
1412 1738 1511 1776 erat
1530 1729 1819 1794 proximum,

407 1817 478 1854 est
495 1809 730 1870 ingressus
743 1844 755 1868 ‚
781 1807 998 1872 protinus
1025 1808 1242 1872 spiritum
1269 1806 1519 1854 exhalavit.
1552 1806 1696 1864 Quod
1717 1809 1825 1854 Wa-

408 1885 606 1933 rochus’
632 1885 848 1947 audiens,
874 1895 921 1933 et
953 1902 1027 1932 res
1056 1902 1174 1950 quas
1200 1886 1280 1932 hic
1310 1884 1504 1932 abstulit
1532 1885 1756 1947 restituit,
1783 1894 1829 1931 et

409 1962 470 2011 de
492 1980 579 2011 suo
602 1964 799 2028 proprio
819 1963 969 2010 multa
991 1963 1193 2010 contulit
1211 1979 1390 2028 pavore
1410 1962 1698 2028 perterritus.

967 2089 1125 2124 CAPUT
1147 2088 1265 2126 LXII.

725 2169 778 2203 De
794 2168 1047 2225 quinquaginta
1065 2168 1280 2217 martyribus
1300 2149 1462 2204 Thebaeis
1476 2169 1506 2205 ³.

477 2254 559 2299 Est
587 2251 717 2317 apud
745 2253 1161 2317 Agrippinensem⁴
1196 2251 1367 2299 urbem
1405 2251 1623 2314 basilica,
1656 2253 1706 2299 in
1737 2270 1832 2317 qua

411 2328 637 2376 dicuntur
661 2330 1003 2394 quinquaginta
1028 2330 1117 2376 viri
1144 2346 1200 2376 ex
1230 2329 1310 2376 illa
1336 2329 1524 2392 legione
1557 2338 1690 2377 sac‘ra
1713 2329 1833 2377 The-

411 2405 627 2455 baeorum
638 2425 728 2474 pro
747 2407 918 2455 Christi
937 2408 1133 2454 nomine
1142 2407 1422 2471 martyrium
1443 2409 1826 2476 consummasse⁵.

464 2577 519 2623 (1)
539 2578 659 2623 2204,
680 2577 873 2624 reiculam.

472 2637 528 2687 (2)
546 2641 586 2675 V
582 2639 754 2676 ιιιινοεΙιίε
762 2667 784 2687 ,Ι
796 2640 917 2677 2205.

464 2700 521 2747 (3)
540 2703 599 2738 De
615 2706 755 2739 sanctis
770 2706 897 2739 aureis
911 2703 1020 2752 apud
1034 2703 1286 2754 Agrippinam
1307 2701 1446 2751 urbem,
1468 2704 1586 2742 2205.

468 2764 523 2811 (4)
549 2766 848 2815 Agripinensim‚
873 2744 994 2812 204,
1016 2779 1128 2817 supp.
1152 2768 1242 2805 478.

467 2827 521 2873 (5)
542 2827 616 2864 An.
639 2828 732 2874 286,
755 2829 805 2865 10
824 2835 900 2866 oct.
917 2829 1003 2875 (R.)
