2002 3418
381 338 430 375 94
778 340 842 376 DE
871 339 1054 377 GLORIA
1083 339 1382 376 MARTYRUM.

377 442 570 491 capsam
588 426 853 489 exhiberet,
886 428 1139 475 molestum
1162 427 1278 474 mihi
1302 444 1401 475 esse
1426 438 1647 490 noverat,
1681 431 1793 493 quia

378 504 636 551 multorum
660 505 727 551 ibi
748 515 1020 552 sanctorum
1051 506 1254 570 pignora
1284 505 1590 569 tenebantur3
1625 508 1664 554 si
1692 524 1792 554 non

377 579 573 644 faceret,
589 582 850 646 jussionem
866 599 1013 646 quam
1028 592 1273 647 acceperat
1286 599 1385 630 non
1398 583 1641 649 implebat.
1665 584 1792 642 Quid

376 658 555 706 multa?
577 659 693 706 dum
713 676 905 725 capsam
926 660 975 706 in
998 676 1142 707 manu
1167 659 1390 708 dubitans
1414 662 1658 724 retineret,
1683 662 1796 710 resi-

375 734 599 784 lientibus
631 754 742 785 cum
772 738 932 785 sonitu
962 738 1221 803 repagulis,
1251 754 1444 803 capsam
1474 739 1640 804 aspicit
1670 755 1794 787 rese-

375 823 545 862 ratam.
579 818 712 863 Tunc
745 832 855 863 cum
893 817 1148 879 gratiarum
1175 816 1362 864 actione
1393 827 1657 882 assumptas
1685 817 1794 865 reli·

377 892 528 956 quias,
555 909 655 940 non
691 894 792 941 sine
816 893 983 958 grandi
1016 893 1346 957 admiratione,
1379 894 1520 942 nobis
1548 893 1791 956 exhibuit,

376 986 497 1034 quas
517 988 623 1033 nos,
650 972 788 1019 dictis
800 972 969 1034 missis,
992 973 1204 1020 Domino
1221 972 1437 1037 jubente,
1459 974 1791 1038 plantavimus.

379 1051 628 1112 Regressus
651 1060 811 1098 autem
832 1061 942 1116 post
969 1052 1143 1099 multos
1164 1051 1264 1100 dies
1290 1052 1353 1100 ad
1380 1051 1574 1115 urbem,
1605 1069 1796 1119 capsam

377 1131 559 1194 reperi,
603 1131 800 1179 reducto
854 1132 1044 1196 pessulo
1057 1168 1070 1192 ,
1123 1133 1243 1180 sicut
1298 1134 1580 1198 reliqueram
1596 1172 1610 1197 ‚
1656 1134 1797 1182 obse-

378 1215 546 1254 ratam.

443 1287 555 1332 Pars
573 1286 703 1333 enim
726 1285 855 1333 beati
875 1287 1117 1350 sanguinis
1139 1288 1426 1335 sacrosancti
1450 1288 1603 1336 levitae
1626 1288 1794 1352 hujus,

378 1359 498 1406 sicut
519 1359 705 1407 celebre
728 1360 891 1423 fertur,
929 1362 979 1408 in
1008 1362 1143 1410 altari
1168 1363 1383 1427 Biturigae
1409 1363 1615 1410 ecclesiae
1644 1365 1797 1410 conti-

378 1445 532 1483 netur.
553 1437 756 1495 Quidam
766 1448 943 1501 autem,
956 1449 1172 1505 tempore
1185 1440 1349 1487 Felicis
1361 1441 1607 1505 episcopi¹,
1617 1441 1798 1488 vicinos

378 1531 488 1562 suos
510 1515 724 1579 quodam
746 1534 836 1582 pro
869 1518 1067 1564 crimine
1096 1517 1355 1583 impetebat
1377 1537 1388 1565 z
1412 1534 1533 1582 quos
1564 1535 1676 1565 cum
1701 1519 1799 1583 ple—

378 1608 581 1656 rumque
617 1593 774 1641 verbis
803 1593 1090 1659 procacibus
1124 1595 1370 1643 lacesseret
1403 1613 1459 1644 ac
1485 1595 1667 1660 judicio
1706 1612 1797 1660 pu-

378 1667 505 1716 blico
542 1681 846 1735 provocaret,
887 1671 1131 1719 decretum
1165 1683 1234 1720 est
1268 1673 1500 1721 sententia
1530 1673 1798 1738 primorum

378 1746 510 1795 urbis
530 1759 585 1796 ut
600 1766 648 1797 se
670 1750 732 1797 ab
753 1750 846 1798 hac
871 1767 998 1798 noxa
1022 1752 1105 1815 qui
1129 1750 1482 1817 impetebantur
1502 1761 1798 1799 sacramento

381 1837 664 1890 purgarent3
693 1827 985 1893 ingressique
1005 1829 1056 1875 in
1071 1828 1214 1893 hujus
1228 1839 1500 1878 memoratae
1517 1829 1630 1877 aedis
1652 1828 1798 1876 altare

379 1917 490 1950 cum
516 1905 707 1952 elevatis
739 1906 962 1954 manibus
996 1917 1290 1954 sacramenta
1311 1907 1603 1973 proferrent,
1635 1923 1798 1973 prose-

379 1991 517 2030 cutor
534 1999 685 2031 causae
703 1985 965 2048 perjurasse
987 2000 1070 2031 eos
1091 1985 1219 2034 clara
1238 2002 1358 2034 voce
1375 1976 1589 2034 testatur.
1609 1985 1798 2033 Statim·

380 2077 491 2124 que,
514 2063 767 2111 elevatisin
784 2063 987 2111 sublime
1011 2064 1232 2130 pedibus,
1258 2065 1308 2111 in
1322 2081 1433 2113 aera
1446 2065 1696 2126 excutitur,
1721 2081 1793 2123 ac,

379 2140 501 2188 illiso
529 2142 684 2206 capite
714 2143 762 2189 in
793 2143 1068 2207 pavimento
1082 2181 1094 2205 ,
1130 2160 1252 2208 pene
1287 2143 1516 2190 exanimis
1544 2159 1574 2191 a
1597 2143 1798 2189 circum·

380 2219 520 2266 stanti
555 2219 696 2268 turba
726 2220 1032 2285 conspicitur.
1074 2223 1187 2267 Post
1216 2220 1420 2268 duarum
1450 2220 1546 2267 fere
1568 2220 1797 2266 horarum

380 2297 610 2360 spatium,
640 2314 752 2344 cum
780 2297 842 2345 ad
870 2298 1106 2361 liquidum
1134 2307 1376 2363 putaretur
1409 2297 1626 2362 spiritum
1654 2295 1798 2343 exha-

379 2373 476 2420 lare
490 2412 502 2435 ,
530 2376 703 2440 apertis
726 2375 899 2436 oculis,
923 2375 1105 2422 crimen
1124 2375 1310 2437 fatetur,
1330 2391 1379 2422 se
1396 2374 1567 2438 injuste
1585 2373 1798 2436 fatigasse

380 2451 600 2500 homines
625 2454 701 2501 vel
731 2453 1047 2518 proclamasse
1079 2453 1270 2513 noxios,
1313 2452 1597 2511 declaravit3
1636 2452 1797 2515 sicque

379 2528 543 2576 laxatis
573 2530 863 2593 insontibus,
899 2529 1197 2577 manifestato
1225 2540 1455 2592 nocente,
1490 2530 1639 2577 virtus
1670 2528 1797 2576 Beati

379 2609 629 2672 perpatuit.
928 2599 938 2607 ’

434 2832 488 2876 (1)
515 2832 573 2867 De
586 2829 660 2867 hoc
674 2838 805 2868 sancto
816 2830 981 2868 antistite
999 2800 1171 2869 vide-lib.
1194 2831 1242 2869 de
1258 2831 1389 2869 Gloria
1401 2831 1511 2872 Conf.
1525 2843 1610 2882 cap.
1629 2844 1696 2868 cn.
1714 2831 1796 2880 (R.)
