2002 3418
340 330 390 365 26
748 331 814 368 DE
841 331 1029 370 GLORIA
1057 334 1357 374 MARTYRUM.

336 415 427 464 sub
447 426 572 465 sorte
591 418 818 482 jacuerat,
848 418 966 468 fides
990 421 1271 486 Evangelica
1291 420 1475 487 pandit.
1498 423 1571 470 Ait
1595 424 1754 471 enim:

336 496 518 542 Par-titi
534 508 648 543 sunt
678 498 952 545 vestimenta
984 516 1092 545 mea
1117 498 1231 559 sibi,
1256 510 1304 546 et
1332 500 1382 545 in
1413 510 1581 546 vestem
1602 518 1759 548 meam

337 575 573 620 miserunt
587 576 776 621 sorte-5¹.
797 578 868 622 De
885 575 978 623 hac
998 593 1111 623 vero
1131 576 1421 624 immaculati
1442 578 1558 640 Agni
1577 578 1756 639 tunica,

336 666 440 714 quae
461 667 490 699 a
510 651 798 716 quibusdam
816 652 1007 715 audivi,
1029 655 1165 702 silere
1184 671 1388 718 nequeo.
1410 657 1587 701 Ferunt
1598 665 1758 702 autem

335 727 384 774 in
410 729 596 777 civitate
627 730 894 791 Galatheae,
924 731 973 777 in
1003 731 1214 793 basilica,
1241 748 1345 795 quae
1375 731 1437 778 ad
1459 734 1656 780 Sanctos
1677 735 1760 780 Ar·

335 804 592 870 changelos
614 808 865 869 vocitatur,
880 808 1112 856 retineri’.
1137 812 1217 856 Est
1240 809 1369 856 enim
1385 809 1485 856 haec
1500 810 1679 871 civitas,
1696 809 1758 857 ab

335 882 455 931 urbe
466 885 1014 950 constantinopolitana,
1037 887 1172 950 quasi
1188 886 1397 933 millibus
1415 896 1606 933 centum
1624 886 1762 951 quin-

335 963 588 1025 quaginta,
614 963 665 1009 in
695 979 791 1026 qua
812 962 1007 1010 basilica
1030 974 1099 1010 est
1122 975 1287 1029 crypta
1310 963 1603 1012 abditissima
1629 983 1639 1010 2
1666 964 1759 1011 ibi-

334 1054 427 1102 que
447 1039 497 1086 in
516 1055 627 1087 arca
642 1040 800 1103 lignea
815 1039 912 1087 hoc
929 1042 1262 1089 vestimentum
1278 1041 1483 1089 habetur
1500 1042 1753 1089 inclusum.

336 1118 452 1173 Quae
479 1132 589 1164 arca
623 1132 653 1164 a
679 1116 863 1164 devotis
885 1127 1028 1180 atque
1056 1117 1275 1166 fidelibus
1303 1136 1415 1166 cum
1443 1136 1631 1168 summa
1658 1120 1761 1167 dili-

335 1193 492 1255 gentia
523 1193 750 1241 adoratur
766 1231 779 1255 ,
817 1210 918 1240 non
940 1195 1179 1242 immerito
1202 1196 1347 1258 digna
1376 1213 1482 1260 quae
1504 1197 1600 1244 hoc
1622 1198 1761 1245 vesti-

334 1280 549 1318 mentum
582 1271 798 1333 retineat,
834 1263 969 1337 ‹fluod
999 1273 1307 1320 Dominicum
1336 1290 1511 1340 corpus
1543 1275 1619 1322 vel
1647 1291 1762 1322 con-

333 1349 514 1413 tingere
536 1350 732 1411 meruit,
757 1350 834 1398 vel
854 1351 1028 1398 velare.

924 1506 1083 1541 CAPUT
1108 1505 1174 1543 IX.

444 1595 498 1628 De
516 1594 736 1630 mirabilibus
751 1595 903 1631 basilicae
916 1596 1028 1631 beatae
1044 1596 1201 1644 Virginis
1214 1595 1348 1638 Mariae,
1367 1596 1412 1630 ab
1428 1596 1642 1644 imperatore

823 1653 1059 1688 Constantino
1076 1661 1272 1688 exstructae.

401 1742 547 1790 Maria
563 1758 678 1790 vero
696 1743 901 1806 gloriosa
916 1744 1117 1808 genitrix
1134 1744 1325 1805 Christi,
1347 1753 1400 1791 ut
1420 1753 1529 1792 ante
1547 1753 1755 1809 partum,

333 1820 398 1868 ita
417 1821 551 1884 virgo
570 1821 779 1869 creditur
795 1831 842 1869 et
860 1833 970 1887 post
993 1832 1207 1888 partum,
1236 1839 1367 1887 quae,
1399 1832 1454 1869 ut
1478 1838 1621 1887 supra
1643 1820 1760 1868 dixi-

387 2025 442 2072 (1)
460 2026 573 2063 Joan.
595 2038 678 2071 xlx,
700 2027 766 2063 24.

386 2087 442 2135 (2)
466 2089 558 2124 Haec
578 2086 712 2124 eadem
737 2086 867 2124 tunica
885 2089 943 2124 ΠΙ
961 2085 1153 2124 Chronico
1177 2085 1414 2138 Fredegarii‚
1434 2098 1521 2138 cap.
1543 2099 1601 2134 ¹1,
1621 2085 1761 2125 dicitur

333 2162 382 2187 ex
408 2148 562 2187 civitate
590 2150 742 2199 Zafad,
776 2148 879 2201 apud
904 2148 1136 2201 Sigibertum
1169 2149 1342 2198 Zaphat‚
1373 2161 1489 2200 quam
1520 2148 1660 2187 Jaffam
1692 2160 1759 2186 seu

331 2214 482 2264 Joppen
502 2212 814 2264 interpretamur,
834 2225 938 2250 anno
963 2214 1013 2251 30
1036 2212 1266 2251 Guntramni
1284 2212 1383 2263 regis
1401 2211 1442 2249 111
1461 2219 1631 2249 sanctam
1647 2213 1757 2248 Jero-

333 2274 567 2325 solymorum
597 2273 734 2312 urbem
759 2275 943 2312 translata
967 2274 1097 2313 fuisse
1127 2274 1375 2316 Postmodum
1406 2273 1447 2311 111
1480 2272 1622 2311 Gallias
1646 2272 1760 2310 allata

333 2345 390 2374 est
409 2345 582 2388 tempore
601 2337 727 2375 Caroli
744 2337 889 2389 Magni,
908 2346 945 2375 et
962 2337 1066 2389 apud
1085 2336 1381 2388 Argentolium
1369 2349 1410 2374 111
1427 2348 1520 2388 agro
1538 2334 1757 2383 Parisiensi,

332 2398 400 2437 ubi
434 2399 561 2438 Gisela
598 2398 770 2452 ejusdem
805 2399 1046 2452 imperatoris
1079 2412 1189 2436 soror
1211 2411 1257 2437 ac
1285 2397 1542 2437 Theodrada
1530 2397 1650 2450 lpsius
1682 2397 1760 2436 filia

333 2461 637 2500 sanctimoniales
657 2471 786 2509 erant,
808 2461 981 2514 deposita
1000 2461 1084 2499 fuit.
1112 2464 1278 2499 Demum
1302 2473 1390 2499 cum
1414 2461 1481 2499 diu
1500 2459 1551 2498 ob
1567 2459 1759 2498 bellorum

333 2525 518 2563 tumultus
536 2525 722 2574 latuisset,
742 2524 814 2563 sub
833 2525 961 2563 saeculi
979 2537 1037 2562 111
1056 2523 1224 2562 medium
1241 2524 1399 2562 inventa
1416 2531 1488 2571 est,
1508 2535 1555 2561 ac
1571 2531 1760 2575 praesente

332 2587 530 2626 Ludovico
543 2587 697 2635 juniore
716 2600 806 2626 cum
824 2587 907 2625 aliis
925 2587 1034 2638 regni
1052 2585 1290 2638 proceribus,
1317 2585 1367 2624 ab
1387 2588 1552 2637 Hugone
1569 2584 1759 2637 archiepi-

334 2663 451 2701 scopo
480 2649 774 2702 Rothomagensi
804 2649 1143 2701 compluribusque
1172 2648 1254 2687 aliis
1286 2648 1474 2701 episcopis
1499 2656 1538 2686 et
1556 2646 1758 2685 abbatibus

334 2711 497 2765 publicae
534 2712 703 2752 fidelium
735 2712 974 2752 venerationi
1009 2711 1178 2750 exhibita
1209 2711 1281 2750 fuit
1315 2725 1419 2750 anno
1451 2710 1570 2750 1156.
1609 2709 1759 2748 Exinde

335 2788 485 2814 summo
515 2775 747 2827 populorum
773 2788 963 2814 concursu
987 2773 1148 2813 celebris
1173 2773 1244 2813 suit
1266 2773 1426 2813 ecclesia
1441 2771 1756 2826 Argentoliensis‚

335 2836 403 2875 ubi
421 2837 535 2875 etiam
554 2850 658 2875 nunc
677 2851 699 2875 a
718 2846 858 2875 nostrae
875 2849 1056 2889 congreg.
1080 2826 1199 2875 sancti
1218 2835 1341 2875 Mauri
1358 2835 1554 2875 monachis
1572 2834 1755 2874 Benedic-
