2002 3418
331 329 380 364 88
727 328 792 363 DE
819 326 1005 364 GLORIA
1032 326 1327 363 MARTYRUM.

328 414 475 477 bitur,
510 431 664 479 neque
695 414 908 464 ardendo
933 415 1189 474 minuitur3
1215 414 1454 477 habetque
1479 415 1741 463 incremen-

331 503 434 540 tum
455 508 541 558 per
563 493 765 558 apostoli
786 493 1006 539 virtutem
1020 530 1032 554 ‚
1060 490 1192 556 quod
1215 491 1420 538 nescitur
1437 490 1499 538 ab
1520 491 1739 553 homine,

332 571 576 635 cognitum
602 581 762 618 tamen
787 570 992 618 habetur
1021 570 1189 617 divinae
1208 569 1446 634 potentiae.
1472 571 1576 616 Hoc
1592 570 1743 617 Theo·

333 649 495 710 dorus,
531 649 613 713 qui
640 649 703 696 ad
733 649 889 714 ipsum
918 649 1079 695 locum
1101 648 1315 708 accessit,
1346 646 1487 694 nobis
1510 648 1741 712 exposuit.

332 728 385 774 In
403 726 673 792 supradicta
695 726 836 789 igitur
852 725 970 772 urbe
983 763 995 787 ,
1018 726 1067 772 in
1097 741 1192 789 qua
1211 724 1378 772 beatos
1395 734 1523 772 artus
1545 724 1749 772 diximus

334 804 614 865 tumulatos,
640 803 918 850 adveniente
950 802 1194 850 festivitate
1208 840 1221 864 ‚
1248 819 1447 865 magnus
1475 811 1750 865 aggregatur

335 881 626 948 populorum
647 890 818 941 coetuS‚
842 897 897 927 ac
916 880 977 927 de
999 879 1194 928 diversis
1214 879 1490 943 regionibus
1505 897 1616 926 cum
1630 880 1753 927 votis

335 953 630 1023 negotiisque
666 957 965 1005 venientibus
985 960 1014 1019 ¹,
1063 958 1304 1005 vendendi
1350 956 1753 1022 comparandique

337 1052 423 1100 per
459 1036 650 1098 triginta
682 1034 782 1081 dies
811 1035 911 1082 sine
946 1035 1044 1082 ulla
1077 1035 1253 1082 telonei
1287 1035 1531 1083 exactione
1565 1034 1756 1082 licentia

339 1113 494 1160 datur.
533 1115 588 1158 In
619 1113 694 1159 his
726 1128 841 1159 vero
883 1111 1070 1172 diebus,
1113 1113 1196 1176 qui
1235 1113 1286 1159 in
1325 1129 1487 1159 mense
1518 1111 1757 1159 habentur

340 1191 509 1255 quinto
523 1227 536 1251 ‚
567 1205 741 1252 magna
771 1199 818 1236 et
840 1189 1062 1236 inusitata
1091 1189 1281 1253 populis
1307 1188 1576 1253 praebentur
1609 1187 1757 1236 bene-

341 1269 465 1316 ficia.
489 1271 597 1315 Non
626 1267 904 1315 scandalum
927 1267 1073 1330 surgit
1100 1267 1149 1313 in
1181 1266 1344 1331 plebe,
1382 1283 1483 1314 non
1509 1282 1673 1314 musca
1686 1266 1759 1313 in-

343 1346 775 1408 sidetmortificatae
797 1347 928 1393 carni
941 1384 954 1408 ,
984 1363 1084 1393 non
1114 1346 1238 1393 latex
1261 1345 1392 1392 deest
1415 1345 1606 1392 sitienti.
1638 1347 1762 1391 Nam

345 1443 456 1473 cum
486 1425 555 1472 ibi
589 1425 779 1488 reliquis
815 1424 983 1471 diebus
1014 1424 1269 1488 plusquam
1296 1432 1552 1470 centenum
1584 1421 1764 1487 pedum

345 1503 591 1551 altitudine
613 1518 738 1566 aqua
763 1502 1008 1549 hauriatur
1036 1517 1066 1548 a
1096 1501 1273 1565 puteis,
1307 1510 1422 1547 tunc
1453 1500 1702 1565 paululum
1726 1500 1764 1546 si

348 1581 521 1642 fodias,
560 1574 738 1628 affatim
766 1579 985 1645 lymphas
1019 1577 1329 1626 exuberantes
1361 1577 1598 1638 invenies,
1633 1577 1766 1641 quod

348 1675 449 1706 non
484 1658 738 1721 ambigitur
763 1658 865 1704 haec
904 1657 1075 1703 virtute
1108 1655 1236 1703 beati
1275 1655 1476 1721 apostoli
1515 1654 1760 1719 impertiri.

350 1736 568 1782 Decursis
586 1735 727 1798 igitur
743 1734 1002 1782 festivitatis
1021 1733 1206 1795 diebus,
1230 1733 1475 1780 teloneum
1496 1730 1768 1796 publicum²

351 1812 583 1874 redditur‚‘
609 1829 773 1860 musca
798 1829 902 1876 quae
925 1810 1074 1858 defuit
1098 1811 1253 1872 adest,
1281 1809 1612 1875 propinquitas
1635 1824 1768 1872 aquae

353 1890 566 1938 dehiscit.
609 1890 795 1937 Dehinc
837 1889 1006 1937 emissa
1047 1888 1273 1935 divinitus
1314 1887 1476 1952 pluvia
1517 1886 1584 1933 ita
1624 1874 1797 1933 omnex

354 1967 527 2014 atrium
552 1967 732 2033 templi
748 1983 777 2014 a
806 1965 1027 2015 sordibus
1053 1975 1100 2012 et
1130 1965 1324 2012 diversis
1360 1961 1659 2028 squaloribus
1688 1962 1771 2026 qui

355 2061 442 2111 per
474 2044 578 2110 ipsa
612 2044 843 2092 solemnia
873 2043 983 2092 facti
1004 2053 1115 2091 sunt
1130 2042 1331 2090 mundat
1363 2051 1416 2088 ut
1444 2049 1582 2105 putes
1610 2039 1772 2087 locum

356 2138 446 2169 nec
468 2122 608 2170 fuisse
627 2122 877 2170 calcatum.
1667 2122 1675 2132 '

413 2343 468 2389 (1)
500 2341 700 2394 Negotium
725 2354 797 2394 pro
824 2339 1021 2387 mercede,
1050 2346 1116 2376 aut
1147 2351 1190 2376 re
1219 2337 1346 2375 venali
1373 2334 1605 2388 quandoque
1634 2331 1776 2393 assumi

358 2411 467 2441 notat
483 2403 690 2456 Bignonius
707 2403 749 2443 in
767 2405 852 2441 Vct.
875 2401 1043 2441 Formul.
1064 2413 1151 2453 cap.
1173 2402 1239 2439 45.
1261 2401 1344 2447 (R.)

415 2466 470 2514 (2)
488 2467 593 2505 2204
605 2466 780 2517 publico,
801 2465 865 2505 alii
879 2463 1044 2515 publice.
