2002 3418
360 350 435 387 360
663 351 730 388 DE
757 351 1024 390 MIRACULIS
1053 352 1223 392 SANCTI
1249 354 1460 392 IULIANI.

359 438 613 486 Martinum
650 440 999 501 Pannonicum,
1037 440 1284 487 inimicum
1316 441 1487 505 jugiter
1518 453 1731 491 nostrum
1746 480 1759 504 ‚

358 516 441 582 qui
464 526 557 564 tres
578 533 606 565 a
626 518 796 565 nostris
817 519 1030 566 cavernis
1052 519 1224 584 repulit
1240 529 1470 567 mortuos.
1499 520 1636 568 Adest
1665 523 1764 569 Pri-

356 604 492 643 vatus
512 612 569 643 ex
586 594 802 657 Gabalis,
828 597 910 660 qui
932 613 1044 644 oves
1065 613 1171 645 suas
1191 596 1424 660 barbaris,
1450 608 1611 646 nostra
1635 599 1773 647 insti-s

360 673 548 736 gatione
580 674 856 734 commotis,
895 673 1079 721 tradere
1112 675 1279 723 noluit.
1304 675 1503 723 Advenit
1525 677 1767 724 Ferreolus

359 750 539 814 collega
562 760 670 813 tuus
691 767 749 798 ex
774 751 1142 813 Viennensibus,
1178 754 1259 817 qui
1283 752 1423 800 nobis
1450 753 1501 799 in
1523 762 1569 800 te
1589 755 1766 819 suppli-

359 827 514 888 cium,
542 819 711 875 incolis
736 829 1002 892 praesidium
1031 831 1173 877 misit.
1210 830 1337 888 Quid
1368 830 1767 895 symphorianum

360 905 609 966 AEduum¹,
633 906 750 969 quid
772 907 1079 953 Saturninum
1102 923 1244 955 vocas
1259 908 1579 955 Tolosanum?
1604 911 1770 973 Aggre-

360 984 476 1044 gasti
489 982 763 1043 concilium,
780 992 836 1029 ut
847 981 988 1031 nobis
997 984 1181 1046 ingeras
1190 984 1416 1032 infernale
1426 994 1714 1032 tormentum
1721 1021 1731 1031 .
1743 1005 1765 1030 n

359 1061 468 1106 Haec
489 1069 538 1106 et
562 1058 637 1106 his
662 1059 832 1107 similia
849 1060 1117 1109 dicentibus
1128 1098 1141 1122 ,
1163 1062 1231 1109 ita
1247 1073 1433 1110 sanctos
1448 1064 1535 1111 Dei
1549 1063 1770 1111 humanis

360 1136 600 1185 mentibus
624 1147 961 1203 repraesentant
987 1148 1042 1186 ut
1071 1139 1189 1186 nulli
1217 1140 1278 1186 sit
1307 1139 1508 1188 dubium
1540 1157 1623 1188 eos
1650 1140 1770 1188 inibi

361 1215 650 1262 commorari
673 1233 684 1261 ε
707 1216 843 1264 multi
865 1225 1024 1264 tamen
1051 1215 1112 1264 ab
1139 1216 1215 1264 his
1248 1215 1427 1264 infirmi
1459 1227 1700 1278 curantur,
1725 1227 1772 1266 et

359 1292 461 1339 sani
482 1292 726 1341 recedunt.

905 1387 1060 1423 CAPUT
1083 1387 1222 1424 XXXI.

797 1482 851 1517 De
869 1480 1139 1518 mansuetudine
1152 1494 1334 1530 pecorum.

425 1573 519 1637 Sed
552 1583 599 1621 et
640 1572 759 1621 illud
790 1583 860 1621 est
902 1582 1168 1621 memoratu
1203 1572 1532 1638 dignissimum
1574 1591 1678 1639 quae
1714 1575 1772 1622 sit

361 1650 676 1699 mansuetudo
701 1667 931 1716 pecorum
949 1651 999 1698 in
1014 1650 1106 1698 hac
1122 1650 1315 1699 basilica
1331 1652 1600 1698 votivorum
1619 1671 1632 1712 ;
1663 1667 1774 1715 qua-

359 1729 465 1775 liter
489 1729 623 1776 vituli
646 1729 911 1793 petulantes
927 1766 939 1790 ‚
976 1729 1270 1776 calcitrantes
1300 1729 1433 1793 equi,
1470 1730 1772 1793 grunnientes

363 1805 525 1867 suillae,
552 1822 664 1852 cum
685 1805 831 1852 limen
854 1815 1070 1853 sanctum
1091 1807 1285 1870 ingressi
1302 1805 1499 1866 fuerint,
1524 1807 1772 1871 conquies-

363 1892 494 1929 cunt.
528 1885 648 1930 Nam
676 1882 883 1930 vidimus
904 1899 1025 1948 saepe
1053 1883 1370 1930 cothurnosos
1402 1893 1585 1944 tauros,
1623 1885 1706 1948 qui
1743 1901 1771 1932 a

363 1958 640 2022 quindecim
671 1970 755 2007 aut
783 1976 841 2007 eo
870 1960 1072 2024 amplius
1092 1960 1204 2008 viris
1220 1960 1395 2023 alligati
1417 1959 1609 2007 funibus
1628 1960 1773 2008 duce-

362 2034 539 2083 bantur
562 2036 706 2084 talem
722 2038 774 2084 in
793 2037 1071 2085 hominibus
1092 2038 1324 2102 impetum
1360 2036 1472 2085 dare
1503 2046 1557 2084 ut
1587 2047 1774 2104 putares

363 2129 446 2160 eos
471 2114 600 2179 ipsos
625 2131 816 2179 quoque
838 2115 1109 2181 dirumpere
1136 2114 1271 2162 fimes
1300 2132 1311 2160 :
1344 2114 1445 2176 sed,
1481 2131 1592 2162 cum
1623 2115 1774 2163 aedem

363 2202 576 2241 sanctam
617 2193 813 2258 ingressi
847 2203 978 2256 sunt,
1018 2194 1084 2240 ita
1116 2193 1397 2258 quieverunt
1437 2202 1492 2239 ut
1536 2191 1774 2241 arbitreris

363 2286 446 2317 eos
468 2280 698 2336 tanquam
720 2288 868 2336 agnos
892 2281 1163 2319 mansuetos
1184 2269 1367 2318 haberi.
1396 2269 1610 2317 Vidimus
1631 2270 1774 2332 etiam

362 2365 448 2413 per
481 2348 662 2396 medias
689 2359 870 2397 turmas
901 2350 1076 2397 multos
1108 2347 1319 2412 ingredi,
1356 2346 1584 2394 inclinato
1621 2347 1774 2412 capite

361 2427 567 2491 populos
589 2437 864 2475 amoventes
882 2437 1054 2488 rostro,
1068 2443 1167 2474 non
1186 2424 1437 2484 cornibus;
1460 2433 1523 2494 et,
1544 2433 1774 2489 tanquam

363 2503 571 2552 tribunal
590 2505 776 2552 adirent
790 2505 979 2569 judicis,
1005 2505 1210 2568 aliquem
1229 2519 1419 2550 sensum
1441 2501 1620 2550 habere
1636 2502 1775 2550 timo-

363 2582 450 2640 ris;
478 2599 576 2629 non
601 2585 780 2631 calcem
813 2585 1022 2642 mittere,
1055 2599 1154 2628 non
1185 2581 1392 2645 aliquem
1418 2597 1570 2627 cornu
1589 2589 1770 2645 petere,

363 2676 463 2707 non
486 2661 634 2707 oculis
658 2662 804 2709 torvis
824 2661 1031 2726 aspicere
1046 2697 1058 2720 ,
1083 2659 1165 2706 sed
1188 2659 1235 2705 in
1257 2659 1390 2706 omni
1413 2656 1775 2705 mansuetudine

415 2852 469 2900 (1)
487 2851 777 2900 Sinphorianum
795 2852 979 2896 aeduum,
999 2850 1117 2888 2204.
