2002 3418
405 361 479 398 351.
703 361 769 397 DE
796 362 1062 399 MlnAcnus
1091 363 1261 401 smmi
1287 337 1496 401 mmm

402 453 560 516 fugato
591 451 757 500 dolore
787 468 928 501 sanus
950 453 1179 515 abscedo,
1210 463 1258 501 et
1280 470 1429 518 usque
1450 453 1513 502 ad
1534 456 1803 520 sepulcrum

399 529 615 594 martyris
637 529 827 594 gloriosi
858 530 989 578 laetus
1017 530 1273 594 ingredior,
1299 530 1539 579 admirans
1561 542 1608 579 et
1635 533 1804 596 gratias

396 623 539 671 agens
571 608 789 672 martyri,
827 607 959 672 quod
992 609 1121 673 prius
1153 624 1229 655 me
1262 609 1432 656 virtute
1465 626 1550 657 sua
1586 609 1804 674 dignatus

397 683 533 732 fuerit
550 685 736 733 visitare
751 701 895 750 quam
910 685 1054 750 ipsius
1075 702 1280 733 mererer
1300 702 1491 734 cernere
1512 688 1797 753 sepulcrum.

931 818 1095 866 ;CAPUT
1119 819 1255 854 XXVI.

767 903 820 936 De
837 901 1052 937 febricitante
1065 901 1112 937 ad
1135 902 1268 937 fontem
1287 911 1422 938 sanato.

451 987 532 1034 Est
552 985 682 1032 enim
705 983 767 1032 ad
787 984 918 1031 hunc
936 983 1118 1031 fontem
1126 987 1156 1047 ¹,
1180 987 1292 1050 quia
1307 987 1485 1034 ibidem
1500 998 1679 1055 martyr
1696 1005 1798 1054 per·
1841 993 1843 995 ’

387 1077 548 1109 cussus
574 1071 666 1122 est,
700 1061 847 1108 virtus
873 1061 1061 1109 eximia.
1088 1062 1296 1120 Quidam
1326 1080 1355 1111 a
1377 1064 1506 1112 febre
1531 1076 1792 1131 correptus,

387 1138 502 1186 dum
533 1140 583 1185 in
611 1139 830 1186 extremis
859 1148 1032 1202 ageret,
1058 1139 1346 1187 desiderium
1379 1141 1549 1190 habuit
1579 1143 1640 1190 de
1672 1160 1795 1208 aqua

384 1215 527 1263 fontis
556 1216 745 1264 haurire
759 1253 772 1279 ,
810 1216 872 1264 ad
900 1232 1046 1279 quam
1073 1217 1217 1264 etiam
1248 1233 1297 1264 se
1326 1217 1566 1283 deportari
1596 1219 1795 1268 fideliter

382 1294 592 1341 exoravit
620 1313 631 1340 :
665 1294 749 1359 qui
778 1310 807 1342 a
837 1294 931 1341 suis
966 1295 1088 1341 inter
1120 1311 1291 1343 manus
1317 1297 1637 1362 apprehensus
1664 1309 1710 1346 et
1742 1300 1792 1346 iu

379 1372 488 1419 loco
508 1372 770 1437 depositus,
797 1372 1015 1437 protinus
1043 1382 1096 1420 ut
1119 1389 1251 1436 aquae
1274 1373 1498 1422 haustum
1517 1376 1720 1441 accepit,
1746 1386 1794 1423 et

380 1449 547 1496 faciem
580 1458 814 1514 caputque
836 1447 1060 1513 perfudit,
1090 1451 1299 1515 recipere
1326 1451 1499 1498 meruit
1519 1452 1789 1510 sanitatem;

378 1536 425 1574 et
449 1527 651 1575 aliorum
682 1526 904 1574 manibus
932 1527 1104 1590 illatus,
1135 1528 1339 1594 propriis
1370 1528 1604 1592 gressibus
1629 1539 1700 1577 est
1719 1545 1791 1576 re-

376 1622 575 1668 gressus.
608 1605 713 1652 Fuit
735 1613 894 1652 autem
915 1604 1072 1653 incola
1096 1605 1234 1669 hujus
1255 1606 1371 1668 vici,
1398 1606 1481 1655 sed
1503 1606 1677 1655 excidit
1705 1622 1789 1654 no-

378 1699 488 1730 men
511 1684 626 1747 ejus.

913 1757 1065 1794 CAPUT
1088 1757 1244 1793 XXVII.

618 1842 671 1876 De
682 1841 840 1876 tonitruo
855 1841 893 1875 in
910 1841 1055 1877 basilica
1069 1842 1162 1877 facto
1179 1854 1261 1876 cum
1278 1842 1532 1906 coruscatione.

437 1924 657 1983 Quadam
669 1934 828 1973 autem
846 1924 942 1987 die,
963 1935 1067 1972 orta
1082 1934 1332 1990 tempestas
1343 1942 1454 1972 cum
1465 1941 1640 1989 magno
1655 1925 1784 1973 venti

373 2003 554 2066 impetu
576 2018 716 2067 super
735 2002 897 2049 vicum
919 2001 1238 2048 Brivatensem
1262 2001 1424 2067 rapide
1442 2000 1779 2062 descendebat;

371 2080 611 2128 micabant
643 2081 771 2127 enim
802 2079 862 2127 de
886 2078 1095 2126 nubibus
1119 2079 1302 2143 fulgura
1328 2096 1384 2127 ac
1414 2080 1624 2128 tonitrua
1654 2080 1784 2126 terri-

369 2157 526 2205 biliter
547 2175 687 2205 voces
709 2157 904 2206 dabant.
948 2157 1167 2215 Quatitur
1181 2167 1305 2204 terra
1324 2157 1507 2222 fragore
1527 2167 1574 2205 et
1599 2157 1730 2204 exuri
1753 2173 1782 2205 a

371 2236 698 2284 coruscatione
713 2252 836 2301 pene
852 2235 1015 2282 omnia
1028 2234 1318 2300 putabantur
1332 2252 1342 2280 ε
1356 2235 1457 2282 sola
1468 2244 1569 2283 erat
1588 2251 1781 2299 exspec-

371 2316 486 2362 tatio
510 2315 560 2362 in
586 2315 756 2361 virtute
774 2313 991 2378 martyris
1007 2313 1214 2377 gloriosi.
1238 2315 1332 2359 Nec
1349 2328 1501 2374 mora,
1529 2311 1650 2359 dato.
1669 2328 1780 2359 cum

371 2392 551 2457 fulgore
573 2392 702 2456 gravi
721 2408 842 2439 sono
864 2391 1061 2438 tonitrui
1074 2428 1086 2452 ,
1110 2390 1322 2454 jaculum
1352 2390 1544 2454 igneum
1569 2406 1656 2455 per
1677 2389 1780 2437 adi-

372 2481 473 2518 tum
496 2488 593 2535 quo
618 2471 743 2518 funis
765 2471 843 2518 ille
865 2470 985 2533 signi
1015 2468 1252 2534 dependet
1276 2469 1557 2532 ingreditur3
1591 2484 1781 2534 percus-

371 2549 526 2613 sisque
549 2548 736 2597 duabus
757 2547 1015 2608 columnis,
1043 2546 1187 2594 frusta
1219 2547 1419 2594 excussit
1445 2565 1456 2594 :
1487 2545 1599 2593 inde
1624 2561 1779 2611 reper-

422 2731 475 2776 (1)
497 2727 557 2766 Sic
577 2726 684 2765 Colb.
705 2740 743 2773 a,
763 2739 851 2764 cum
871 2728 956 2764 Sur.
974 2733 1011 2762 et
1028 2724 1135 2764 Clict.
1157 2727 1399 2774 (Im-2204
1418 2726 1533 2764 etalii
1550 2739 1640 2766 mss.
1648 2754 1660 2773 ,
1679 2725 1775 2764 sicut

371 2801 408 2832 et
425 2791 514 2830 editi
532 2790 704 2842 plerique
718 2818 728 2835 ‚
754 2788 816 2826 hic
839 2787 1019 2826 mendose
1042 2796 1189 2838 ponunt
1217 2803 1226 2824 t
1255 2791 1324 2826 Est
1340 2793 1439 2826 enim
1466 2790 1522 2825 ad
1540 2790 1773 2826 Hanoronem

369 2864 433 2894 aut
460 2857 662 2893 Unomnem
674 2882 684 2899 ,
706 2852 813 2903 quasi
827 2851 874 2889 de
891 2851 1019 2902 aliquo
1039 2851 1123 2888 loco
1142 2851 1228 2903 pagi
1246 2851 1486 2890 arvernensis
1502 2858 1690 2902 ageretur.
