2002 3418
400 334 474 370 352
701 336 768 371 DE
795 335 1061 375 MIRACULIS
1089 336 1263 375 SANCTI
1289 339 1500 377 JULIANI.

396 422 549 485 agitur
587 439 791 472 moerore
805 461 820 487 ,
857 434 906 473 et
936 425 987 473 in
1023 423 1278 474 discrimen
1311 441 1386 474 res
1418 427 1615 475 vertitur
1643 438 1804 478 utrum
1834 440 1841 451 ²

397 501 697 550 convalescat
716 513 798 551 aut
819 512 997 569 pereat.
1024 504 1240 569 Denique
1261 520 1374 552 cum
1402 504 1493 553 isto
1518 505 1684 554 labore
1701 524 1807 574 per-

394 579 581 626 venitur
610 578 672 627 ad
702 579 862 628 locum
893 599 905 627 z
941 581 1234 644 ingredimur
1259 580 1526 645 basilicam,
1552 583 1807 633 adoramus

397 658 682 705 sacrosancti
695 658 913 723 martyris
932 659 1246 723 sepulturam;
1270 661 1583 724 prosternitur
1599 670 1647 709 et
1665 678 1808 726 aegro-

394 744 469 783 tus
491 736 542 782 in
563 737 856 802 pavimento,
881 736 1142 803 deprecans
1171 737 1406 786 medelam
1433 756 1463 788 a
1483 749 1687 804 martyre
1710 739 1808 803 glo-

394 813 539 861 rioso.
579 817 691 862 Post
721 814 1007 880 completam
1027 831 1142 863 vero
1173 817 1456 876 orationem,
1490 815 1553 864 ad
1579 826 1808 865 metatum

393 906 628 953 regressus
652 891 795 940 febris
812 892 1061 957 paululum
1079 893 1351 956 conquievit
1371 910 1382 939 :
1408 893 1626 941 veniente
1650 903 1808 941 autem

395 977 555 1030 nocte,
576 967 718 1016 nobis
741 967 804 1016 ad
823 968 1004 1032 vigilias
1024 969 1408 1034 properantibus,
1434 977 1570 1034 rogat
1589 986 1638 1018 se
1660 980 1708 1018 et
1729 969 1808 1018 ille

395 1043 567 1093 deferri
589 1082 604 1107 ,
645 1045 1021 1111 incumbensque
1058 1056 1168 1094 ante
1209 1047 1478 1112 sepulcrum
1523 1057 1624 1095 tota
1667 1057 1808 1095 nocte

398 1124 614 1188 martyris
642 1123 916 1188 suffragium
951 1123 1247 1189 deprecatur.
1284 1127 1467 1173 Exactis
1497 1125 1670 1174 deinde
1697 1142 1810 1174 noc-

394 1200 547 1248 turnis
575 1200 808 1264 excubiiS,
832 1211 968 1265 rogat
989 1210 1044 1249 ut
1067 1200 1127 1249 de
1148 1201 1342 1267 pulvere
1364 1202 1448 1267 qui
1469 1202 1595 1250 circa
1614 1201 1809 1250 beatum

395 1286 496 1324 erat
538 1279 778 1327 tumulum
818 1279 1019 1328 collecto
1052 1279 1129 1328 vel
1165 1280 1300 1345 potui
1337 1279 1507 1328 darent
1521 1317 1534 1342 ,
1573 1279 1649 1327 vel
1685 1279 1808 1326 collo

396 1356 755 1421 suspenderent.
794 1360 903 1417 Quo
948 1358 1091 1420 facto,
1135 1358 1202 1406 ita
1241 1358 1396 1406 omnis
1428 1357 1572 1406 ardor
1609 1357 1810 1406 febrium

396 1434 668 1498 conquievit
694 1445 746 1482 ut
767 1436 869 1501 ipsa
891 1435 968 1484 die
991 1445 1038 1484 et
1060 1433 1226 1483 cibum
1258 1445 1448 1501 caperet
1479 1434 1731 1484 incolumis
1765 1443 1812 1481 et

395 1511 479 1560 ubi
501 1513 750 1563 delectatio
768 1515 982 1563 vertisset
1002 1515 1218 1563 animum
1239 1513 1519 1563 ambularet.

954 1650 1111 1688 CAPUT
1134 1629 1252 1687 xxvss

891 1736 942 1770 De
957 1735 1025 1770 mei
1039 1735 1161 1783 capitis
1178 1734 1314 1771 dolore.

461 1820 685 1885 Sequenti
709 1835 823 1867 vero
848 1819 1125 1881 festivitate,
1159 1819 1276 1867 dum
1300 1819 1472 1866 iterum
1500 1833 1610 1864 cum
1636 1831 1810 1879 magno

397 1896 571 1961 gaudio
585 1896 647 1944 ad
658 1906 870 1944 sanctam
882 1912 1248 1962 properaremus
1263 1895 1525 1952 basilicam,
1539 1892 1658 1940 mihi
1669 1901 1812 1957 caput

397 1991 425 2022 a
457 1975 555 2023 sole
586 1991 862 2041 percussum
900 1975 1101 2037 graviter
1133 1973 1295 2021 dolere
1333 1972 1476 2037 coepit
1510 1989 1521 2018 t
1557 1972 1639 2034 qui
1673 1968 1814 2017 dolor

395 2070 667 2102 accrescens
697 2052 878 2101 febrem
908 2053 1190 2101 intrinsecus
1220 2050 1475 2116 generabat
1489 2086 1503 2112 ,
1539 2049 1605 2097 ita
1638 2057 1692 2096 ut
1724 2063 1813 2095 nec

397 2132 561 2180 cibum
581 2148 658 2180 me·
677 2148 846 2197 capere
858 2169 871 2193 ,
901 2147 990 2179 nec
1007 2130 1142 2194 loqui
1165 2130 1470 2196 permitteret.
1497 2129 1710 2191 Cumque
1727 2141 1813 2191 per

397 2209 520 2258 duos
544 2210 644 2259 dies
681 2209 743 2257 ab
775 2209 871 2256 hoc
907 2208 1075 2257 dolore
1107 2223 1430 2268 consumerer,
1462 2205 1539 2253 die
1576 2204 1714 2252 tertia
1749 2201 1813 2250 ad

398 2286 643 2337 basilicam
659 2288 808 2336 sancti
826 2287 1049 2349 Ferreoli,
1075 2287 1152 2335 cui
1174 2286 1281 2334 fons
1301 2285 1378 2332 ille
1400 2283 1459 2332 de
1481 2299 1577 2346 quo
1601 2280 1814 2347 superius

399 2366 704 2414 meminimus
739 2375 809 2413 est
839 2365 1117 2429 contiguus,
1141 2363 1434 2411 advenimus.
1470 2361 1623 2407 Distat
1653 2367 1813 2408 autem

398 2443 593 2493 basilica
613 2461 642 2492 a
657 2444 916 2492 Brivatensi
933 2443 1040 2491 vico
1057 2442 1191 2505 quasi
1212 2440 1374 2488 stadiis
1394 2439 1577 2488 decem.
1599 2439 1814 2500 Cumque

399 2520 447 2567 in
470 2520 580 2568 loco
602 2521 684 2569 illo
711 2521 1018 2580 venissemus,
1040 2518 1179 2566 libuit
1202 2518 1364 2565 animo
1386 2515 1449 2564 ad
1468 2515 1647 2563 fontem
1664 2527 1814 2577 usque

399 2598 682 2662 procedere,
708 2597 957 2646 confidens
980 2596 1040 2644 de
1060 2596 1231 2642 virtute
1254 2594 1472 2659 martyris
1501 2591 1649 2657 quod,
1677 2591 1714 2637 si
1737 2604 1814 2636 me

399 2675 569 2723 exinde
601 2676 717 2724 levis
750 2675 882 2723 unda
911 2673 1237 2740 perfunderet,
1272 2689 1383 2720 mox
1420 2686 1627 2719 sanarer.
1663 2666 1813 2715 Adve-

401 2752 536 2800 niens
561 2770 675 2800 vero
699 2753 967 2801 orationem
990 2750 1164 2812 fundo,
1191 2766 1366 2814 aquam
1393 2748 1562 2797 ha'urio
1575 2783 1589 2808 ,
1614 2762 1668 2793 os
1688 2743 1815 2792 refri-

404 2846 536 2893 gere,
554 2839 697 2895 caput
716 2830 918 2878 infundo
945 2848 956 2876 z
976 2830 1226 2893 statimque
1247 2825 1576 2875 decidentibus
1590 2821 1810 2889 lymphis,
