2002 3418
355 371 406 408 80
760 376 827 412 DE
856 375 1044 415 GLORIA
1070 377 1365 416 MARTYRUM.

356 474 405 506 se
426 468 648 523 tegumen
670 460 869 510 habens.
905 464 960 510 In
983 479 1041 511 ea
1073 473 1120 511 et
1149 473 1329 529 septem
1357 466 1656 512 Dormientes
1686 465 1772 512 ha·

355 534 547 600 bentur,
582 538 642 586 de
665 539 839 604 quibus
860 540 1044 604 aliqua,
1070 542 1280 589 Domino
1296 541 1520 606 jubente,
1545 543 1595 590 in
1615 552 1773 609 poste-

356 631 462 662 rum
481 618 715 664 narraturi
734 635 912 666 sumus.
940 621 995 665 In
1011 619 1104 667 hac
1123 630 1169 667 et
1189 620 1373 668 idolum
1396 622 1560 669 Dianae
1576 621 1685 683 fuit,
1709 620 1772 669 ab

355 694 572 758 apostolo
595 695 743 742 Paulo
763 695 1070 744 destructum.
1094 698 1187 746 Sed
1205 699 1267 746 ad
1286 709 1442 766 coepta
1459 699 1725 748 redeamus.

903 847 1059 883 CAPUT
1088 848 1226 885 XXXI.

847 940 899 975 De
915 940 1058 977 Andrea
1076 943 1238 990 apostolo
1251 943 1279 979 ¹.

419 1031 625 1079 Andreas
645 1033 887 1097 apostolus
932 1052 1160 1099 magnum
1199 1037 1483 1084 miraculum
1512 1037 1562 1084 in
1590 1036 1667 1084 die
1697 1053 1773 1084 so·

353 1106 606 1156 lemnitatis
631 1111 749 1156 suae'
773 1110 954 1174 profert
970 1149 982 1173 ,
1010 1112 1107 1160 hoc
1129 1123 1198 1160 est
1225 1130 1401 1161 manna
1425 1115 1475 1161 in
1491 1113 1691 1162 modum
1706 1113 1774 1162 fa-

354 1184 490 1246 rinae,
511 1186 588 1232 vel
607 1185 767 1232 oleum
787 1203 899 1234 cum
918 1188 1067 1235 odore
1088 1200 1327 1252 nectareo,
1350 1191 1482 1254 quod
1512 1191 1572 1238 de
1588 1191 1774 1238 tumulo

354 1261 455 1324 ejus
486 1263 712 1311 exundat.
749 1266 837 1311 Per
861 1265 911 1312 id
938 1266 1068 1313 enim
1098 1283 1203 1331 quae
1235 1268 1294 1314 sit
1321 1267 1531 1316 fertilitas
1561 1268 1676 1315 anni
1692 1284 1776 1330 -pse-

354 1341 541 1403 quentis
574 1341 853 1389 ostenditur.
889 1343 938 1391 Si
965 1344 1188 1408 exiguum
1210 1344 1489 1410 profluxerit
1503 1382 1516 1406 ,
1553 1345 1776 1408 exiguum

355 1425 478 1466 terra
524 1419 705 1484 profert
736 1419 965 1482 fructum;
992 1421 1031 1468 si
1059 1438 1173 1468 vero
1199 1422 1339 1470 fuerit
1366 1422 1617 1487 copiosum
1634 1458 1647 1484 ,
1677 1437 1777 1469 ma-

355 1514 503 1561 gnum
519 1515 632 1546 arva
645 1511 933 1564 proventum
946 1501 1186 1549 fructuum
1197 1502 1376 1550 habere
1393 1501 1639 1565 significat.
1657 1503 1778 1548 Nam

355 1573 511 1622 ferunt
532 1575 582 1622 in
607 1576 846 1640 aliquibus
873 1578 1013 1626 annis
1028 1616 1041 1640 ,
1075 1579 1124 1625 in
1154 1588 1340 1626 tantum
1364 1595 1391 1626 e
1410 1578 1596 1624 tumulo
1616 1577 1778 1623 oleum

355 1653 612 1716 exundare,
641 1664 694 1701 ut
716 1671 866 1718 usque
884 1655 946 1703 ad
964 1655 1178 1703 medium
1195 1655 1400 1703 basilicae
1420 1655 1629 1720 profluat
1651 1654 1778 1701 rivus

355 1731 448 1778 ille.
477 1733 587 1779 Haec
616 1741 776 1779 autem
800 1743 1004 1796 aguntur
1033 1733 1161 1798 apud
1191 1733 1491 1799 provinciam
1525 1731 1748 1779 Achaiam
1761 1768 1775 1792 ,

355 1808 404 1855 in
428 1809 614 1858 civitate
640 1812 819 1873 Patras,
840 1811 889 1857 in
910 1828 1006 1876 qua
1025 1810 1193 1859 beatus
1209 1811 1452 1876 apostolus
1466 1810 1564 1858 sive
1579 1818 1774 1873 martyr,

354 1902 444 1950 pro
465 1886 792 1953 Redemptoris
814 1889 1009 1935 nomine
1031 1888 1306 1950 crucifixus,
1332 1897 1609 1954 praesentem
1632 1887 1779 1934 vitam

356 1963 561 2026 gloriosa
584 1975 737 2013 morte
769 1964 936 2012 finivit.
968 1969 1145 2014 Tamen
1176 1974 1288 2014 'cum
1313 1967 1475 2014 oleum
1505 1964 1776 2026 defluxerit,

356 2050 542 2089 tantum
575 2043 777 2090 odorem
808 2043 1003 2091 naribus
1036 2053 1224 2109 praestat
1260 2053 1314 2090 ut
1339 2052 1477 2108 putes
1508 2041 1576 2088 ibi
1606 2041 1780 2088 multo-

356 2137 464 2168 rum
496 2132 767 2170 aromatum
801 2139 1013 2187 sparsam
1046 2139 1145 2170 esse
1179 2122 1480 2186 congeriem,
1518 2119 1651 2185 quod
1679 2135 1780 2170 non

357 2199 457 2248 sine
480 2201 712 2249 miraculo
741 2217 798 2248 ac
825 2200 1062 2248 beneficio
1093 2200 1301 2248 habetur
1329 2201 1376 2247 in
1412 2199 1619 2265 populis.
1660 2200 1780 2246 Nam

358 2294 415 2324 ex
445 2278 540 2325 hoc
573 2296 657 2326 seu
691 2280 994 2326 inunctiones
1041 2278 1199 2340 factae,
1237 2278 1334 2325 sive
1369 2277 1590 2342 potiones
1627 2275 1776 2336 datae,

358 2354 638 2421 plerumque
674 2356 1013 2420 languentibus
1045 2355 1359 2403 commodum
1394 2362 1631 2419 praestant.
1670 2354 1782 2399 Post

358 2433 492 2496 cujus
517 2435 772 2498 gloriosam
799 2434 1171 2499 assumptionem
1203 2433 1362 2480 multae
1388 2432 1583 2479 virtutes
1610 2430 1687 2478 vel
1717 2429 1780 2478 ad
1802 2427 1810 2437 ”

359 2627 549 2676 laudatus,
565 2638 603 2667 et
615 2638 768 2668 sanctus
779 2629 975 2667 Modestus
988 2628 1189 2680 episcopus
1205 2631 1227 2667 J
1229 2628 1544 2680 erosolymitanus
1554 2657 1565 2676 ‚
1583 2627 1710 2666 saeculi
1723 2639 1781 2664 v11

359 2688 483 2738 initio,
505 2691 609 2742 apud
625 2691 803 2730 Photium
819 2690 918 2729 Bibl.
941 2690 1029 2729 cod.
1051 2694 1143 2729 275.
1159 2690 1249 2738 Ejus
1267 2691 1436 2742 reliquiae
1460 2703 1547 2729 saec.
1568 2702 1611 2728 ιι
1629 2688 1781 2727 labente

360 2752 729 2805 Constantinopolim
752 2753 944 2792 translatae
967 2753 1147 2792 dicuntur
1166 2752 1237 2791 sub
1256 2757 1385 2792 Leone
1404 2752 1596 2806 sapiente·
1619 2753 1700 2801 (R.)

414 2817 468 2864 (1)
492 2818 553 2853 De
568 2820 736 2866 sepulcro
753 2819 913 2856 Andreae
930 2818 1104 2868 apostoli,
1124 2818 1243 2856 2205.

415 2879 470 2927 (2)
491 2880 567 2917 An.
588 2880 639 2917 66
662 2887 729 2918 aut
746 2881 814 2929 70,
833 2892 901 2918 seu
920 2881 988 2929 93,
1010 2880 1061 2918 30
1082 2881 1183 2919 Nov.
1203 2881 1283 2928 (R.)
