2002 3418
415 367 466 403 34
812 364 877 400 m:
908 362 1093 413 GLomA
1123 362 1414 399 mamma.

414 469 524 500 oum
538 452 761 516 genitrice
775 468 876 512 sua,
890 451 1055 498 denuo
1068 460 1181 498 sunt
1198 449 1363 497 renati.
1400 449 1533 498 Multi
1544 448 1811 512 judaeorum

413 531 630 596 exemplo
642 531 742 578 hoc
759 530 811 576 in
836 529 950 576 urbe
964 529 1048 576 ›ssla
1065 529 1227 576 salmati
1240 538 1368 575 sunt.

987 698 1140 734 CAPUT
1167 699 1235 735 XI.

406 809 457 842 De
474 806 693 841 monasterio
709 804 1029 853 Hierosolymitano
1042 832 1051 848 ,
1065 812 1099 839 et
1114 804 1289 839 miraculis
1303 816 1367 851 per
1381 803 1545 839 virtutem
1556 812 1680 839 sancto
1695 804 1817 841 Maria

991 863 1232 909 reliquiarum.

477 964 808 1012 Mon'asterium
828 972 898 1010 est
915 962 1053 1010 valde
1070 978 1296 1025 magnum
1317 963 1367 1009 in
1386 963 1693 1024 Hierusalem,
1714 978 1814 1010 non

406 1041 650 1088 modicam
671 1040 854 1087 habens
879 1039 1315 1102 congregationem,
1341 1040 1390 1086 in
1413 1056 1509 1103 quo
1531 1057 1630 1087 non
1660 1039 1814 1088 solum

407 1119 600 1166 devotio
618 1121 630 1142 ¹
657 1117 824 1182 populi
856 1133 976 1181 saepe
1004 1117 1209 1180 plurima
1238 1117 1444 1179 confert,
1476 1134 1643 1165 verum
1672 1118 1815 1166 etiam

403 1193 703 1259 imperatoris
725 1194 858 1256 jussu
889 1192 957 1238 ibi
984 1208 1084 1238 non
1115 1192 1312 1239 minima
1335 1190 1611 1255 largiuntur.
1638 1194 1816 1242 Accidit

405 1281 566 1319 autem
585 1269 797 1334 quodam
809 1280 1031 1335 ‘tempore
1053 1278 1106 1316 ut
1122 1286 1218 1334 prae
1238 1270 1436 1334 penuria
1451 1272 1664 1334 egestatis
1678 1272 1815 1319 valde

401 1349 467 1396 eis
506 1350 657 1396 victus
703 1348 965 1396 necessaria
1007 1347 1299 1394 defecissent.
1339 1349 1649 1412 Congregatio
1687 1349 1815 1398 enim

400 1426 589 1490 garrula
613 1425 989 1486 monachorum,
1015 1441 1126 1472 cum
1150 1440 1247 1471 una
1277 1435 1418 1488 atque
1450 1426 1542 1474 alia
1567 1425 1644 1474 die
1672 1427 1816 1474 refec-

400 1504 544 1550 tionis
568 1503 845 1550 alimoniam
867 1519 966 1549 non
990 1513 1229 1567 caperent,
1253 1502 1569 1550 vociferantur
1592 1503 1654 1551 ad
1672 1503 1816 1552 abba-

398 1590 512 1640 tem,
531 1580 740 1626 dicentes
764 1595 777 1627 :
801 1597 825 1623 «
849 1579 1035 1642 Largire
1060 1578 1210 1640 cibos,
1238 1590 1319 1626 aut
1339 1580 1555 1644 permitte
1576 1580 1815 1629 discedere

405 1672 797 1720 unumquemque
817 1655 1048 1703 inlocum
1065 1673 1162 1720 quo
1185 1657 1328 1703 vitam
1347 1673 1614 1722 ,propagare
1638 1659 1809 1723 possit;

404 1734 582 1797 alioqui
596 1750 684 1780 nec
698 1742 744 1779 te
755 1733 973 1780 consulto
986 1733 1301 1794 abscedimus,
1314 1750 1375 1780 ne
1383 1750 1631 1799 pereamus
1638 1735 1778 1782 fame.
1788 1756 1811 1779 »

407 1812 516 1856 Haec
528 1809 601 1856 riis.
611 1807 881 1856 dicentibus
887 1809 954 1856 ait
963 1808 1112 1856 abbas
1132 1827 1141 1854 :
1166 1829 1197 1854 «1
1207 1811 1428 1871 Oremus,
1445 1810 1607 1858 fratres
1619 1811 1816 1859 dilectis-

399 1886 514 1932 -simi
531 1924 543 1948 ,
571 1896 618 1934 et
632 1887 873 1933 Dominus
901 1885 1186 1934 ministrabit
1218 1886 1358 1934 nobis
1382 1887 1539 1949 cibos;
1568 1906 1657 1937 nec
1685 1890 1814 1939 enim

400 1963 685 2027 potestrfieri
699 1973 751 2010 ut
767 1963 955 2011 deficiat
978 1964 1187 2011 triticum
1210 1965 1259 2011 in
1271 1965 1381 2028 ‘ejus
1397 1967 1690 2014 monasterio
1710 1984 1815 2031 quae

396 2041 589 2103 ‘frugem
606 2042 712 2088 vitae
732 2057 788 2088 ex
809 2051 944 2088 utero
963 2042 1178 2105 pereunti
1193 2042 1349 2089 intulit
1363 2044 1562 2091 mundo.
1584 2064 1607 2088 a
1630 2043 1815 2103 Quibus

402 2117 709 2180 ‘vigilantibus
724 2128 1004 2180 ,nocte‘tota,
1023 2134 1079 2165 ac
1094 2118 1427 2183 psallentibus,
1455 2137 1596 2169 mane
1618 2131 1724 2169 orto
1749 2123 1815 2170 ita

403 2195 647 2259 reperiunt
667 2206 839 2243 cuncta
858 2195 1143 2243 horreorum
1164 2195 1433 2245 habitacula
1448 2198 1624 2263 repleta
1638 2198 1810 2260 tritico,

403 2282 457 2317 ut
476 2273 553 2318 vix
576 2273 648 2319 vel
669 2274 864 2321 reserari
886 2274 1059 2320 ostium
1079 2283 1253 2338 posset.
1280 2275 1485 2340 Accepto
1503 2285 1661 2323 autem
1682 2275 1808 2339 cibo,

409 2349 577 2411 gratias
598 2360 795 2413 egerunt
814 2353 933 2398 Deo.

476 2430 587 2473 Post
604 2428 779 2475 multos
796 2443 909 2474 vero
928 2443 1081 2474 annos
1095 2427 1266 2474 iterum
1283 2427 1529 2477 deficiente
1554 2430 1692 2495 cibo,
1723 2431 1814 2480 cla-

410 2514 659 2551 maverunt
671 2503 896 2552 monachi
902 2503 967 2551 ad
975 2503 1215 2567 abbatem,
1232 2506 1314 2569 qui
1330 2507 1395 2554 ait
1414 2523 1424 2552 ε
1450 2528 1473 2551 c<
1485 2507 1742 2572 Vigilemus
1758 2525 1814 2558 ac

464 2698 520 2750 (1)
548 2698 609 2737 Sic
639 2698 726 2738 cod.
759 2701 890 2746 Rom.;
919 2699 1036 2738 ceteri
1065 2700 1165 2748 fere,
1187 2705 1226 2737 in
1251 2715 1323 2751 quo
1349 2705 1424 2739 loco
1446 2704 1586 2741 devotio
1593 2718 1610 2751 ,-
1641 2702 1815 2751 Editi,1·n

407 2762 569 2812 quodam
596 2764 685 2800 loco.
701 2763 879 2810 (R.)—In
897 2775 1004 2812 quem
1031 2765 1146 2800 locum
1165 2765 1320 2812 devotio,
1343 2766 1469 2814 22043
1491 2769 1529 2803 in
1545 2766 1703 2816 quodam
1721 2767 1812 2814 loco,

410 2823 502 2862 478.
525 2834 637 2874 supp.
1078 2830 1085 2834 “
