2002 3418
417 346 490 384 158
809 349 876 385 DE
907 341 1095 387 GLORIA
1126 348 1425 388 MARTYRUM.

411 435 543 484 ribus
577 436 773 496 sanctis,
810 452 931 500 quos
966 436 1250 500 glorificatos
1283 437 1446 485 ascivit
1477 437 1527 483 in
1559 436 1826 485 coelestibus

411 514 583 577 regnis.
610 516 706 561 Nec
725 514 962 561 immerito
977 552 989 576 ,
1016 515 1127 578 quia
1150 530 1336 561 sacrum
1357 531 1535 561 nomen
1559 515 1659 578 ejus
1683 515 1827 563 corde

410 590 678 653 credentes,
719 591 769 638 in
804 591 1029 657 operibus
1064 593 1365 653 invocantes,
1403 592 1452 638 in
1487 592 1828 639 tentationibus

410 667 707 731 confitentes,
733 685 834 716 non
858 669 1007 717 modo
1030 680 1083 717 ut
1106 669 1268 717 fideles
1292 670 1413 717 servi
1432 669 1694 717 Dominum
1719 681 1828 717 sunt

409 750 575 811 secuti,
598 767 766 797 verum
784 751 928 799 etiam
951 761 999 799 et
1017 752 1135 799 ahos
1154 761 1207 798 ut
1228 761 1534 815 sequerentur
1557 750 1654 798 suis
1674 767 1828 799 exem·

409 827 499 892 plis
516 828 848 877 incitaverunt.

987 959 1145 994 CAPUT
1167 959 1244 995 LV.

728 1060 782 1093 De
795 1059 989 1094 Timotheo
1008 1067 1043 1095 et
1058 1058 1258 1107 ApoUinari
1270 1059 1500 1107 martyribus.

473 1158 748 1206 Timotheus
771 1169 818 1205 et
844 1159 1127 1224 Apollinaris
1155 1158 1285 1224 apud
1307 1159 1611 1206 Remensium
1628 1158 1823 1220 urbem,

409 1247 742 1284 consummato
780 1237 1051 1301 martyrio¹,
1096 1237 1302 1284 coelestia
1341 1253 1488 1300 regna
1523 1237 1824 1298 'meruerunt3

410 1332 618 1379 quorum
643 1316 866 1380 reliquias
887 1315 1101 1380 quidam,
1127 1315 1358 1364 aedificata
1378 1316 1428 1363 in
1452 1333 1620 1363 eorum
1642 1316 1830 1363 honore

408 1393 626 1456 basilica,
658 1394 858 1442 devotus
889 1395 1096 1460 expetiit.
1133 1393 1348 1441 Pontifex
1389 1410 1504 1441 vero
1547 1393 1631 1457 qui
1668 1393 1830 1440 aderat

410 1490 522 1520 cum
560 1473 748 1520 honore
788 1490 874 1538 per
906 1472 1236 1538 presbyterum
1278 1472 1452 1535 dirigit.
1490 1474 1706 1535 Cumque
1742 1472 1831 1518 iter

409 1561 583 1614 ageret,
609 1551 782 1597 mulier
808 1551 1101 1615 importuna,
1124 1560 1172 1596 et
1191 1550 1336 1597 credo
1352 1550 1548 1613 indigna
1568 1550 1755 1610 merito,
1780 1550 1829 1595 in

410 1628 487 1675 via
513 1627 747 1693 procedit,
777 1628 1074 1691 salutatoque
1101 1628 1397 1692 presbytero,
1424 1627 1726 1674 deosculatur
1743 1627 1830 1673 lin-
1911 1638 1913 1640 ’

410 1716 540 1753 teum
567 1723 665 1771 quo
691 1722 832 1754 sacrae
855 1706 1135 1770 tegebantur
1166 1706 1349 1767 favillae,
1374 1721 1547 1768 rogans
1575 1704 1665 1751 sibi
1690 1703 1751 1752 de
1775 1705 1831 1750 iis

409 1783 589 1848 aliquid
621 1784 904 1830 condonari.
937 1786 1069 1830 Tunc
1109 1782 1369 1848 presbyter,
1407 1782 1492 1829 diu
1524 1781 1749 1829 dubitans
1785 1791 1831 1828 et

409 1861 617 1909 tribuere
637 1861 881 1922 differens,
904 1861 1056 1907 victus
1076 1860 1272 1908 tandem
1297 1860 1358 1908 ab
1384 1860 1687 1926 improbitate
1709 1860 1826 1924 ejuS‚

409 1936 568 1983 divisit
614 1936 658 1984 ei
693 1936 993 2000 particulam.
1031 1935 1396 1999 Ascendensque
1432 1935 1712 2000 sonipedem
1743 1935 1832 1981 iter

409 2014 632 2079 expedire
643 2015 793 2079 coepit
809 2014 1078 2077 injunctum
1095 2032 1106 2060 ι
1127 2014 1210 2061 sed
1226 2015 1495 2078 percutiens
1506 2022 1706 2077 utraque
1721 2012 1832 2075 equi

409 2091 557 2139 latera
570 2129 583 2154 ,
614 2107 921 2156 nequaquam
949 2101 1136 2156 poterat
1161 2091 1461 2156 promoveri;
1492 2091 1592 2156 ipse
1624 2106 1738 2137 vero
1766 2089 1832 2136 ita

412 2178 629 2231 gravatus
659 2178 761 2217 erat
795 2177 848 2215 ut
874 2168 951 2215 vix
985 2178 1129 2233 caput
1147 2168 1324 2215 valeret
1343 2168 1538 2230 erigere.
1564 2167 1831 2229 Intelligens

411 2257 570 2294 autem
596 2258 858 2312 martyrum
883 2264 931 2293 se
959 2247 1126 2294 virtute
1156 2247 1331 2308 teneri,
1364 2246 1642 2311 poenitentia
1671 2254 1830 2292 motus

411 2324 586 2371 utiliter
621 2325 798 2390 recepit
834 2323 966 2388 quod
1004 2324 1286 2386 negligentia
1317 2322 1652 2375 intercedente
1673 2321 1832 2384 largiri

410 2403 707 2468 praesumpsit
741 2421 751 2448 :
782 2402 1089 2465 restitutoque
1123 2401 1172 2446 in
1207 2417 1349 2465 capsa
1383 2399 1515 2463 quod
1549 2398 1827 2460 abstulerat,

412 2478 543 2528 abire
564 2481 818 2546 permissus
840 2490 923 2526 est.

466 2645 520 2692 (1)
540 2646 599 2682 An
605 2673 688 2692 .....
712 2645 759 2682 23
785 2656 892 2695 aug-3
911 2645 984 2681 Ms.
1007 2641 1085 2680 duo
1100 2644 1356 2693 Apollonaris.
1376 2645 1465 2691 (R.)
