2002 3418
427 309 503 346 172
829 310 896 346 DE
927 308 1115 347 GLORIA.
1150 311 1447 352 MARTYRUM.

427 397 601 459 suerat,
627 413 683 445 ac
701 397 920 463 protinus
946 398 1101 445 omnis
1123 398 1361 463 phalanga
1387 400 1586 461 hostilis,
1611 401 1843 450 immenso

424 491 601 540 pavore
624 476 845 524 exterrita
859 514 871 538 ,
900 477 964 523 ita
986 475 1144 523 subito
1170 477 1352 542 impetu
1380 494 1410 525 a
1427 478 1538 525 loco
1560 478 1768 528 discessit
1790 490 1844 527 ut

424 554 546 601 facta
563 554 670 602 luce
691 553 850 601 nullus
871 570 929 601 ex
948 554 1023 601 his
1049 555 1242 619 reperiri
1265 564 1440 620 posset.
1466 556 1697 620 Apparuit
1717 567 1844 604 ante-

424 632 550 680 dicta
573 633 721 680 virtus
746 633 977 680 Chilloni¹
1000 632 1208 695 cuidam,
1235 634 1318 697 qui
1345 643 1461 680 tunc
1483 633 1598 680 huic
1621 635 1843 682 exercitui

422 720 636 775 praeerat.
668 711 763 768 Qui
788 709 998 757 necdum
1024 720 1124 757 erat
1153 727 1210 757 ex
1237 727 1363 775 aqua
1392 721 1439 758 et
1472 711 1648 776 Spiritu
1679 722 1843 759 sancto

422 799 637 849 renatus3
667 789 750 853 qui
786 788 943 836 statim
964 798 1281 853 compunctus
1305 788 1477 851 corde,
1506 805 1761 836 conversus
1782 789 1843 837 ad

422 868 686 914 Dominum
700 904 713 928 ,
734 867 900 914 iterata
918 867 1159 914 nativitate
1171 868 1464 932 progenitus,
1482 867 1724 916 Christum
1744 883 1844 914 esse

422 943 573 993 filium
590 945 678 992 Dei
699 945 795 991 vivi
817 945 947 992 clara·
961 961 1080 992 voce
1098 954 1292 993 testatus
1314 956 1398 993 est.

990 1075 1147 1110 CAPUT
1172 1076 1271 1110 LXI.

879 1156 931 1190 De
947 1156 1105 1204 reliquiis
1121 1157 1215 1192 beati
1233 1157 1387 1197 Nazarii.

487 1237 540 1280 In
560 1234 798 1281 territorio
819 1251 1013 1299 quoque
1028 1235 1162 1282 urbis
1182 1237 1510 1299 Namneficae’,
1531 1238 1581 1284 in
1597 1238 1704 1285 vico
1727 1254 1844 1302 quo-

421 1310 535 1359 dam
557 1314 702 1378 supra'
722 1313 911 1360 alveum
928 1314 1121 1377 Ligeris,
1136 1313 1265 1362 beati
1288 1315 1490 1363 Nazarii’
1505 1315 1714 1380 reliquiae
1734 1333 1846 1364 con-

420 1389 647 1437 tinentur.
698 1391 858 1453 Igitur,
912 1391 1125 1455 quodam
1170 1402 1409 1458 tempore,
1452 1393 1602 1441 homo
1646 1393 1846 1443 devotus

419 1466 650 1530 balteum,
676 1485 734 1516 ex
758 1485 876 1516 auro
906 1470 1159 1534 purissimo
1189 1487 1301 1518 cum
1329 1472 1464 1519 omni
1491 1481 1722 1538 apparatu
1752 1481 1847 1519 stu-

421 1544 687 1592 diosissime
711 1546 992 1594 fabricatum
1009 1585 1021 1608 ,
1051 1564 1192 1613 super
1215 1548 1360 1596 altare
1387 1548 1592 1597 basilicae
1613 1550 1737 1597 illius
1759 1567 1846 1615 po-

420 1623 548 1685 suit⁴,
572 1639 714 1671 orans
735 1634 788 1671 ut
806 1625 856 1671 in
879 1625 1031 1672 causis
1053 1626 1148 1673 suis
1172 1627 1388 1690 martyris
1405 1627 1554 1675 virtus
1573 1627 1846 1692 dignaretur

421 1701 601 1749 adesse.
629 1704 739 1761 Quo
761 1702 1038 1764 recedente,
1074 1704 1218 1750 Britto
1249 1703 1464 1767 quidam,
1489 1721 1546 1752 ex
1569 1705 1845 1754 satellitibus

421 1779 649 1827 Warochi
677 1780 980 1828 Britanorum
1004 1781 1231 1842 comitis⁸,
1263 1790 1310 1828 et
1337 1784 1519 1847 primus
1541 1799 1652 1830 cum
1675 1799 1734 1830 eo
1765 1784 1845 1831 ad-

422 1856 525 1919 fuit,
553 1857 808 1923 ablatoque
836 1858 1068 1906 violenter
1095 1868 1322 1924 apparatu
1345 1858 1513 1922 baltei,
1544 1861 1701 1926 ipsum
1729 1878 1845 1926 quo-

421 1950 516 1998 que
542 1934 756 1982 balteum
778 1936 979 2001 repetiit.
1002 1937 1249 1983 Renitente
1266 1936 1542 2001 presbytero
1559 1954 1614 1986 ac
1630 1938 1839 1986 dicente:

424 2032 447 2058 «
475 2014 562 2061 Dei
584 2030 658 2061 res
680 2013 756 2060 hae
785 2023 897 2060 sunt
910 2051 923 2076 ‚
952 2024 999 2061 et
1027 2013 1089 2061 ad
1122 2013 1406 2062 reficiendos
1428 2031 1661 2081 pauperes
1680 2027 1843 2065 sancto

422 2092 617 2156 martyri
646 2101 757 2138 sunt
783 2091 964 2139 collatae
978 2129 990 2152 ,
1016 2108 1077 2138 ne
1103 2091 1278 2139 famem
1301 2093 1555 2158 pessimam
1583 2095 1839 2160 patiantur,

421 2169 504 2233 qui
520 2168 634 2216 huic
659 2169 840 2234 templo
867 2168 997 2216 fideli
1023 2168 1280 2217 devotione
1305 2169 1606 2218 deserviunt:
1633 2172 1762 2220 unde
1790 2183 1843 2220 tu

473 2317 528 2365 (1)
546 2316 647 2356 Clar.
672 2330 710 2367 a,
733 2319 910 2358 chillino.
934 2321 1014 2369 (R.)

474 2381 529 2428 (2)
547 2380 706 2432 Aliquot
725 2393 816 2419 mSS.
840 2380 952 2419 etiam
971 2382 1072 2420 Clar.
1096 2381 1144 2430 b,
1164 2381 1204 2419 in
1227 2395 1305 2433 quo
1328 2390 1444 2434 caput
1467 2353 1688 2435 praecedens
1705 2386 1840 2428 deest.

420 2444 466 2478 In
488 2443 673 2480 territorio
700 2456 844 2492 quoque
869 2447 987 2493 ipsius
1014 2443 1136 2491 urbis,
1165 2448 1217 2483 in.
1245 2447 1293 2483 Et
1316 2443 1379 2483 hic
1402 2443 1594 2484 ultimus
1581 2459 1623 2485 ln
1645 2449 1839 2502 margine,⁹

418 2507 528 2553 apud
546 2505 671 2543 urbem
687 2507 956 2544 Nanneticam.
979 2507 1064 2555 (R.)

473 2568 528 2616 (3)
541 2565 613 2605 Die
632 2565 709 2604 12
693 2566 808 2614 Junii,
820 2567 996 2606 nesciunt
1010 2581 1089 2619 quo
1101 2581 1204 2607 anno
1210 2582 1380 2621 ,.passus
1393 2573 1453 2618 (R.
1461 2573 1704 2624 )—-Nazar1·‚
1718 2575 1837 2614 2204.

472 2629 527 2676 (4)
546 2631 630 2666 Mos
653 2637 735 2666 erat
753 2637 844 2667 tunc
869 2630 1053 2682 temporis
1077 2644 1138 2669 res
1163 2635 1246 2669 Deo
1271 2630 1418 2671 oblatas
1443 2645 1558 2685 super
1580 2634 1699 2673 altare
1721 2635 1839 2687 depo-

420 2702 526 2729 nere.
550 2690 648 2731 Vide
665 2692 853 2743 Bignon„
873 2691 913 2729 in
932 2692 1000 2732 lib.
1022 2695 1042 2731 Ι
1059 2695 1233 2732 Marculfi
1251 2694 1365 2733 form.
1387 2698 1425 2733 1.
1447 2697 1533 2745 (R.)

473 2755 527 2801 (5)
559 2753 604 2791 Id
625 2753 828 2805 contigisse
852 2762 988 2805 putant
1012 2764 1187 2807 tempore
1205 2756 1296 2795 belli
1315 2757 1419 2808 quod
1443 2771 1546 2796 anno
1567 2760 1643 2798 590
1668 2772 1839 2798 commo-

422 2821 501 2852 tum
524 2823 596 2862 est,
619 2815 667 2853 de
685 2828 762 2866 quo
782 2816 943 2868 Gregor.
966 2817 1065 2856 Hist.
1087 2818 1156 2857 lib.
1180 2821 1232 2866 X,
1253 2820 1377 2871 capite
1394 2833 1449 2860 ιχ.
1470 2822 1551 2869 (R)

1992 2665 2002 3003 ἒ

1982 3004 2000 3418 ἱ
