<?xml version="1.0" encoding="UTF-8"?>
<!DOCTYPE html PUBLIC "-//W3C//DTD XHTML 1.0 Transitional//EN"
    "http://www.w3.org/TR/xhtml1/DTD/xhtml1-transitional.dtd">
<html xmlns="http://www.w3.org/1999/xhtml" xml:lang="en" lang="en">
 <head>
  <title>
</title>
<meta http-equiv="Content-Type" content="text/html;charset=utf-8" />
  <meta name='ocr-system' content='tesseract 3.04.00' />
  <meta name='ocr-capabilities' content='ocr_page ocr_carea ocr_par ocr_line ocrx_word'/>
</head>
<body>
  <div class='ocr_page' id='page_1' title='image "./leslivresdesmira01greguoft_0154.png"; bbox 0 0 2002 3418; ppageno 0'>
   <div class='ocr_carea' id='block_1_1' title="bbox 381 379 1388 419">
    <p class='ocr_par' dir='ltr' id='par_1_1' title="bbox 381 379 1388 419">
     <span class='ocr_line' id='line_1_1' title="bbox 381 379 1388 419; baseline 0.004 -5"><span class='ocrx_word' id='word_1_1' title='bbox 381 379 432 415; x_wconf 85' lang='lat'>98</span> <span class='ocrx_word' id='word_1_2' title='bbox 785 380 850 416; x_wconf 90' lang='lat' dir='ltr'>DE</span> <span class='ocrx_word' id='word_1_3' title='bbox 881 380 1066 418; x_wconf 78' lang='lat' dir='ltr'>GLORIA</span> <span class='ocrx_word' id='word_1_4' title='bbox 1092 382 1161 417; x_wconf 84' lang='lat' dir='ltr'>MA</span> <span class='ocrx_word' id='word_1_5' title='bbox 1167 380 1388 419; x_wconf 85' lang='lat' dir='ltr'>RTYRUM.</span> 
     </span>
    </p>
   </div>
   <div class='ocr_carea' id='block_1_2' title="bbox 327 466 1792 2787">
    <p class='ocr_par' dir='ltr' id='par_1_2' title="bbox 327 466 1792 2787">
     <span class='ocr_line' id='line_1_2' title="bbox 380 466 1790 532; baseline 0.004 -19"><span class='ocrx_word' id='word_1_6' title='bbox 380 466 621 532; x_wconf 86' lang='lat' dir='ltr'>patefactis</span> <span class='ocrx_word' id='word_1_7' title='bbox 652 468 806 531; x_wconf 92' lang='lat' dir='ltr'>ostiis,</span> <span class='ocrx_word' id='word_1_8' title='bbox 841 485 1034 530; x_wconf 89' lang='lat' dir='ltr'>omnem</span> <span class='ocrx_word' id='word_1_9' title='bbox 1066 467 1310 515; x_wconf 83' lang='lat' dir='ltr'>basilicam</span> <span class='ocrx_word' id='word_1_10' title='bbox 1344 469 1577 518; x_wconf 90' lang='lat' dir='ltr'>immenso</span> <span class='ocrx_word' id='word_1_11' title='bbox 1611 471 1790 519; x_wconf 88' lang='lat' dir='ltr'>lumine</span> 
     </span>
     <span class='ocr_line' id='line_1_3' title="bbox 380 543 1792 612; baseline 0.004 -21"><span class='ocrx_word' id='word_1_12' title='bbox 380 543 619 608; x_wconf 75' lang='lat' dir='ltr'>effulgere.</span> <span class='ocrx_word' id='word_1_13' title='bbox 661 548 717 592; x_wconf 92' lang='lat' dir='ltr'>Et</span> <span class='ocrx_word' id='word_1_14' title='bbox 749 561 860 593; x_wconf 87' lang='lat' dir='ltr'>ecce</span> <span class='ocrx_word' id='word_1_15' title='bbox 896 546 1071 592; x_wconf 90' lang='lat' dir='ltr'>chorus</span> <span class='ocrx_word' id='word_1_16' title='bbox 1103 546 1404 610; x_wconf 88' lang='lat' dir='ltr'>psaHentium</span> <span class='ocrx_word' id='word_1_17' title='bbox 1442 547 1525 610; x_wconf 85' lang='lat' dir='ltr'>qui</span> <span class='ocrx_word' id='word_1_18' title='bbox 1559 548 1792 612; x_wconf 85' lang='lat' dir='ltr'>ingressus</span> 
     </span>
     <span class='ocr_line' id='line_1_4' title="bbox 379 621 1791 690; baseline 0.004 -21"><span class='ocrx_word' id='word_1_19' title='bbox 379 621 646 684; x_wconf 88' lang='lat' dir='ltr'>basilicam,</span> <span class='ocrx_word' id='word_1_20' title='bbox 675 633 953 688; x_wconf 82' lang='lat' dir='ltr'>postquam,</span> <span class='ocrx_word' id='word_1_21' title='bbox 977 623 1102 671; x_wconf 90' lang='lat' dir='ltr'>dicta</span> <span class='ocrx_word' id='word_1_22' title='bbox 1127 623 1275 687; x_wconf 83' lang='lat' dir='ltr'>gloria</span> <span class='ocrx_word' id='word_1_23' title='bbox 1292 624 1503 672; x_wconf 85' lang='lat' dir='ltr'>Trinitati</span> <span class='ocrx_word' id='word_1_24' title='bbox 1518 662 1530 686; x_wconf 90' lang='lat'>,</span> <span class='ocrx_word' id='word_1_25' title='bbox 1559 626 1791 690; x_wconf 87' lang='lat' dir='ltr'>psallentii</span> 
     </span>
     <span class='ocr_line' id='line_1_5' title="bbox 378 699 1792 766; baseline 0.003 -19"><span class='ocrx_word' id='word_1_26' title='bbox 378 699 640 747; x_wconf 85' lang='lat' dir='ltr'>modulatio</span> <span class='ocrx_word' id='word_1_27' title='bbox 658 701 930 766; x_wconf 89' lang='lat' dir='ltr'>conquievit</span> <span class='ocrx_word' id='word_1_28' title='bbox 940 738 952 762; x_wconf 92' lang='lat'>,</span> <span class='ocrx_word' id='word_1_29' title='bbox 972 701 1152 748; x_wconf 87' lang='lat' dir='ltr'>audivit</span> <span class='ocrx_word' id='word_1_30' title='bbox 1166 702 1294 748; x_wconf 87' lang='lat' dir='ltr'>viros</span> <span class='ocrx_word' id='word_1_31' title='bbox 1310 712 1655 765; x_wconf 85' lang='lat' dir='ltr'>conquerentes</span> <span class='ocrx_word' id='word_1_32' title='bbox 1671 704 1792 751; x_wconf 84' lang='lat' dir='ltr'>inter</span> 
     </span>
     <span class='ocr_line' id='line_1_6' title="bbox 376 778 1792 842; baseline 0.004 -18"><span class='ocrx_word' id='word_1_33' title='bbox 376 794 449 838; x_wconf 90' lang='lat' dir='ltr'>se,</span> <span class='ocrx_word' id='word_1_34' title='bbox 472 787 614 842; x_wconf 90' lang='lat' dir='ltr'>atque</span> <span class='ocrx_word' id='word_1_35' title='bbox 637 778 846 827; x_wconf 90' lang='lat' dir='ltr'>dicentes</span> <span class='ocrx_word' id='word_1_36' title='bbox 865 798 875 825; x_wconf 79' lang='lat' dir='ltr'>z</span> <span class='ocrx_word' id='word_1_37' title='bbox 907 800 929 823; x_wconf 77' lang='grc' dir='ltr'>ε(</span> <span class='ocrx_word' id='word_1_38' title='bbox 942 781 1124 827; x_wconf 85' lang='lat' dir='ltr'>Moram</span> <span class='ocrx_word' id='word_1_39' title='bbox 1147 778 1287 826; x_wconf 85' lang='lat' dir='ltr'>nobis</span> <span class='ocrx_word' id='word_1_40' title='bbox 1309 789 1498 827; x_wconf 91' lang='lat' dir='ltr'>sanctus</span> <span class='ocrx_word' id='word_1_41' title='bbox 1522 779 1633 827; x_wconf 90' lang='lat' dir='ltr'>facit</span> <span class='ocrx_word' id='word_1_42' title='bbox 1651 780 1792 830; x_wconf 87' lang='lat' dir='ltr'>levita</span> 
     </span>
     <span class='ocr_line' id='line_1_7' title="bbox 377 855 1788 919; baseline 0.003 -19"><span class='ocrx_word' id='word_1_43' title='bbox 377 856 658 919; x_wconf 89' lang='lat' dir='ltr'>Stephanus.</span> <span class='ocrx_word' id='word_1_44' title='bbox 684 859 787 903; x_wconf 91' lang='lat' dir='ltr'>Jam</span> <span class='ocrx_word' id='word_1_45' title='bbox 806 857 935 904; x_wconf 93' lang='lat' dir='ltr'>enim</span> <span class='ocrx_word' id='word_1_46' title='bbox 953 857 1066 904; x_wconf 89' lang='lat' dir='ltr'>alias</span> <span class='ocrx_word' id='word_1_47' title='bbox 1087 855 1380 904; x_wconf 86' lang='lat' dir='ltr'>debebamus</span> <span class='ocrx_word' id='word_1_48' title='bbox 1402 856 1532 904; x_wconf 88' lang='lat' dir='ltr'>adire</span> <span class='ocrx_word' id='word_1_49' title='bbox 1554 855 1788 919; x_wconf 86' lang='lat' dir='ltr'>basilicas,</span> 
     </span>
     <span class='ocr_line' id='line_1_8' title="bbox 374 934 1790 999; baseline 0.003 -21"><span class='ocrx_word' id='word_1_50' title='bbox 374 942 422 978; x_wconf 87' lang='lat' dir='ltr'>et</span> <span class='ocrx_word' id='word_1_51' title='bbox 442 949 542 979; x_wconf 91' lang='lat' dir='ltr'>non</span> <span class='ocrx_word' id='word_1_52' title='bbox 561 949 829 997; x_wconf 90' lang='lat' dir='ltr'>possumus,</span> <span class='ocrx_word' id='word_1_53' title='bbox 858 934 947 980; x_wconf 91' lang='lat' dir='ltr'>nisi</span> <span class='ocrx_word' id='word_1_54' title='bbox 971 934 1047 980; x_wconf 91' lang='lat' dir='ltr'>ille</span> <span class='ocrx_word' id='word_1_55' title='bbox 1072 934 1202 998; x_wconf 88' lang='lat' dir='ltr'>prius</span> <span class='ocrx_word' id='word_1_56' title='bbox 1225 934 1306 997; x_wconf 93' lang='lat' dir='ltr'>qui</span> <span class='ocrx_word' id='word_1_57' title='bbox 1331 934 1625 999; x_wconf 86' lang='lat' dir='ltr'>praestolatur</span> <span class='ocrx_word' id='word_1_58' title='bbox 1652 934 1790 983; x_wconf 86' lang='lat' dir='ltr'>adve-</span> 
     </span>
     <span class='ocr_line' id='line_1_9' title="bbox 373 1010 1790 1076; baseline 0.004 -21"><span class='ocrx_word' id='word_1_59' title='bbox 373 1010 487 1057; x_wconf 89' lang='lat' dir='ltr'>niat.</span> <span class='ocrx_word' id='word_1_60' title='bbox 508 1031 529 1052; x_wconf 70' lang='lat' dir='ltr'><strong><em>n</em></strong></span> <span class='ocrx_word' id='word_1_61' title='bbox 550 1013 659 1060; x_wconf 88' lang='lat' dir='ltr'>Haec</span> <span class='ocrx_word' id='word_1_62' title='bbox 671 1012 800 1058; x_wconf 90' lang='lat' dir='ltr'>enim</span> <span class='ocrx_word' id='word_1_63' title='bbox 813 1011 982 1058; x_wconf 85' lang='lat' dir='ltr'>crebro</span> <span class='ocrx_word' id='word_1_64' title='bbox 995 1012 1334 1076; x_wconf 81' lang='lat' dir='ltr'>repetentibus,</span> <span class='ocrx_word' id='word_1_65' title='bbox 1349 1012 1542 1060; x_wconf 88' lang='lat' dir='ltr'>advenit</span> <span class='ocrx_word' id='word_1_66' title='bbox 1550 1013 1623 1059; x_wconf 87' lang='lat' dir='ltr'>vir</span> <span class='ocrx_word' id='word_1_67' title='bbox 1632 1013 1790 1061; x_wconf 90' lang='lat' dir='ltr'>subito</span> 
     </span>
     <span class='ocr_line' id='line_1_10' title="bbox 373 1086 1790 1152; baseline 0.004 -20"><span class='ocrx_word' id='word_1_68' title='bbox 373 1086 422 1132; x_wconf 92' lang='lat' dir='ltr'>in</span> <span class='ocrx_word' id='word_1_69' title='bbox 458 1097 585 1134; x_wconf 85' lang='lat' dir='ltr'>veste</span> <span class='ocrx_word' id='word_1_70' title='bbox 619 1086 755 1147; x_wconf 83' lang='lat' dir='ltr'>alba3</span> <span class='ocrx_word' id='word_1_71' title='bbox 798 1088 932 1150; x_wconf 87' lang='lat' dir='ltr'>cujus</span> <span class='ocrx_word' id='word_1_72' title='bbox 963 1105 1218 1152; x_wconf 80' lang='lat' dir='ltr'>personam</span> <span class='ocrx_word' id='word_1_73' title='bbox 1250 1090 1406 1136; x_wconf 90' lang='lat' dir='ltr'>omnis</span> <span class='ocrx_word' id='word_1_74' title='bbox 1442 1090 1522 1137; x_wconf 89' lang='lat' dir='ltr'>illa</span> <span class='ocrx_word' id='word_1_75' title='bbox 1558 1106 1790 1138; x_wconf 89' lang='lat' dir='ltr'>venerans</span> 
     </span>
     <span class='ocr_line' id='line_1_11' title="bbox 373 1164 1784 1226; baseline 0.003 -16"><span class='ocrx_word' id='word_1_76' title='bbox 373 1164 630 1211; x_wconf 88' lang='lat' dir='ltr'>multitudo</span> <span class='ocrx_word' id='word_1_77' title='bbox 644 1166 861 1212; x_wconf 85' lang='lat' dir='ltr'>salutavit</span> <span class='ocrx_word' id='word_1_78' title='bbox 871 1165 1130 1226; x_wconf 89' lang='lat' dir='ltr'>humiliter,</span> <span class='ocrx_word' id='word_1_79' title='bbox 1147 1166 1309 1213; x_wconf 90' lang='lat' dir='ltr'>dicens</span> <span class='ocrx_word' id='word_1_80' title='bbox 1329 1184 1340 1212; x_wconf 73' lang='grc' dir='ltr'>ε</span> <span class='ocrx_word' id='word_1_81' title='bbox 1362 1186 1386 1211; x_wconf 89' lang='lat'><strong><em>«</em></strong></span> <span class='ocrx_word' id='word_1_82' title='bbox 1402 1167 1606 1214; x_wconf 91' lang='lat' dir='ltr'>Benedic</span> <span class='ocrx_word' id='word_1_83' title='bbox 1629 1167 1784 1225; x_wconf 90' lang='lat' dir='ltr'>nobis,</span> 
     </span>
     <span class='ocr_line' id='line_1_12' title="bbox 372 1242 1786 1307; baseline 0.002 -19"><span class='ocrx_word' id='word_1_84' title='bbox 372 1257 503 1288; x_wconf 87' lang='lat' dir='ltr'>sacer</span> <span class='ocrx_word' id='word_1_85' title='bbox 515 1258 572 1288; x_wconf 93' lang='lat' dir='ltr'>ac</span> <span class='ocrx_word' id='word_1_86' title='bbox 584 1251 743 1289; x_wconf 87' lang='lat' dir='ltr'>sancte</span> <span class='ocrx_word' id='word_1_87' title='bbox 755 1242 895 1290; x_wconf 85' lang='lat' dir='ltr'>levita</span> <span class='ocrx_word' id='word_1_88' title='bbox 905 1242 1159 1307; x_wconf 90' lang='lat' dir='ltr'>Stephane.</span> <span class='ocrx_word' id='word_1_89' title='bbox 1178 1260 1199 1286; x_wconf 87' lang='lat'>»</span> <span class='ocrx_word' id='word_1_90' title='bbox 1216 1244 1272 1288; x_wconf 85' lang='lat' dir='ltr'>At</span> <span class='ocrx_word' id='word_1_91' title='bbox 1285 1242 1360 1289; x_wconf 88' lang='lat' dir='ltr'>ille</span> <span class='ocrx_word' id='word_1_92' title='bbox 1377 1243 1550 1290; x_wconf 89' lang='lat' dir='ltr'>iterum</span> <span class='ocrx_word' id='word_1_93' title='bbox 1562 1244 1786 1305; x_wconf 85' lang='lat' dir='ltr'>salutans,</span> 
     </span>
     <span class='ocr_line' id='line_1_13' title="bbox 370 1318 1788 1383; baseline 0.002 -18"><span class='ocrx_word' id='word_1_94' title='bbox 370 1318 482 1366; x_wconf 89' lang='lat' dir='ltr'>data</span> <span class='ocrx_word' id='word_1_95' title='bbox 503 1320 736 1381; x_wconf 87' lang='lat' dir='ltr'>oratione,</span> <span class='ocrx_word' id='word_1_96' title='bbox 761 1321 1076 1383; x_wconf 86' lang='lat' dir='ltr'>interrogatus</span> <span class='ocrx_word' id='word_1_97' title='bbox 1097 1319 1158 1367; x_wconf 87' lang='lat' dir='ltr'>ab</span> <span class='ocrx_word' id='word_1_98' title='bbox 1181 1321 1248 1367; x_wconf 86' lang='lat' dir='ltr'>eis</span> <span class='ocrx_word' id='word_1_99' title='bbox 1271 1337 1355 1367; x_wconf 91' lang='lat' dir='ltr'>cur</span> <span class='ocrx_word' id='word_1_100' title='bbox 1376 1337 1406 1369; x_wconf 90' lang='lat' dir='ltr'>a</span> <span class='ocrx_word' id='word_1_101' title='bbox 1430 1321 1695 1368; x_wconf 85' lang='lat' dir='ltr'>visitatione</span> <span class='ocrx_word' id='word_1_102' title='bbox 1715 1322 1788 1368; x_wconf 86' lang='lat' dir='ltr'>lo-</span> 
     </span>
     <span class='ocr_line' id='line_1_14' title="bbox 370 1399 1784 1466; baseline 0.003 -22"><span class='ocrx_word' id='word_1_103' title='bbox 370 1415 540 1445; x_wconf 92' lang='lat' dir='ltr'>corum</span> <span class='ocrx_word' id='word_1_104' title='bbox 572 1409 845 1447; x_wconf 88' lang='lat' dir='ltr'>sanctorum</span> <span class='ocrx_word' id='word_1_105' title='bbox 874 1399 1124 1464; x_wconf 87' lang='lat' dir='ltr'>paululum</span> <span class='ocrx_word' id='word_1_106' title='bbox 1160 1399 1466 1461; x_wconf 86' lang='lat' dir='ltr'>retardasset,</span> <span class='ocrx_word' id='word_1_107' title='bbox 1502 1400 1747 1466; x_wconf 87' lang='lat' dir='ltr'>respondit</span> <span class='ocrx_word' id='word_1_108' title='bbox 1773 1420 1784 1447; x_wconf 91' lang='lat'>:</span> 
     </span>
     <span class='ocr_line' id='line_1_15' title="bbox 374 1476 1784 1540; baseline 0.003 -20"><span class='ocrx_word' id='word_1_109' title='bbox 374 1494 397 1519; x_wconf 90' lang='lat'>«</span> <span class='ocrx_word' id='word_1_110' title='bbox 417 1476 556 1522; x_wconf 88' lang='lat' dir='ltr'>Navis</span> <span class='ocrx_word' id='word_1_111' title='bbox 567 1477 758 1522; x_wconf 90' lang='lat' dir='ltr'>enimin</span> <span class='ocrx_word' id='word_1_112' title='bbox 772 1477 892 1523; x_wconf 90' lang='lat' dir='ltr'>mari</span> <span class='ocrx_word' id='word_1_113' title='bbox 907 1476 1172 1540; x_wconf 89' lang='lat' dir='ltr'>periculum</span> <span class='ocrx_word' id='word_1_114' title='bbox 1188 1476 1498 1525; x_wconf 87' lang='lat' dir='ltr'>demersionis</span> <span class='ocrx_word' id='word_1_115' title='bbox 1508 1478 1784 1539; x_wconf 86' lang='lat' dir='ltr'>incurrerat,</span> 
     </span>
     <span class='ocr_line' id='line_1_16' title="bbox 370 1552 1789 1617; baseline 0.004 -19"><span class='ocrx_word' id='word_1_116' title='bbox 370 1552 532 1616; x_wconf 90' lang='lat' dir='ltr'>ibique</span> <span class='ocrx_word' id='word_1_117' title='bbox 563 1553 812 1600; x_wconf 85' lang='lat' dir='ltr'>invocatus</span> <span class='ocrx_word' id='word_1_118' title='bbox 846 1553 994 1614; x_wconf 86' lang='lat' dir='ltr'>astiti,</span> <span class='ocrx_word' id='word_1_119' title='bbox 1024 1563 1251 1617; x_wconf 86' lang='lat' dir='ltr'>erutaque</span> <span class='ocrx_word' id='word_1_120' title='bbox 1277 1570 1386 1601; x_wconf 90' lang='lat' dir='ltr'>ecce</span> <span class='ocrx_word' id='word_1_121' title='bbox 1421 1554 1606 1601; x_wconf 89' lang='lat' dir='ltr'>adsum.</span> <span class='ocrx_word' id='word_1_122' title='bbox 1636 1558 1711 1617; x_wconf 88' lang='lat' dir='ltr'>Et,</span> <span class='ocrx_word' id='word_1_123' title='bbox 1736 1567 1789 1603; x_wconf 89' lang='lat' dir='ltr'>ut</span> 
     </span>
     <span class='ocr_line' id='line_1_17' title="bbox 370 1630 1787 1697; baseline 0.003 -21"><span class='ocrx_word' id='word_1_124' title='bbox 370 1630 457 1694; x_wconf 93' lang='lat' dir='ltr'>ipsi</span> <span class='ocrx_word' id='word_1_125' title='bbox 477 1630 688 1695; x_wconf 89' lang='lat' dir='ltr'>probetis</span> <span class='ocrx_word' id='word_1_126' title='bbox 709 1648 808 1679; x_wconf 89' lang='lat' dir='ltr'>esse</span> <span class='ocrx_word' id='word_1_127' title='bbox 829 1647 942 1678; x_wconf 90' lang='lat' dir='ltr'>vera</span> <span class='ocrx_word' id='word_1_128' title='bbox 963 1647 1068 1695; x_wconf 87' lang='lat' dir='ltr'>quae</span> <span class='ocrx_word' id='word_1_129' title='bbox 1088 1632 1280 1694; x_wconf 86' lang='lat' dir='ltr'>loquor,</span> <span class='ocrx_word' id='word_1_130' title='bbox 1301 1632 1635 1678; x_wconf 88' lang='lat' dir='ltr'>vestimentum</span> <span class='ocrx_word' id='word_1_131' title='bbox 1654 1632 1787 1697; x_wconf 92' lang='lat' dir='ltr'>quod</span> 
     </span>
     <span class='ocr_line' id='line_1_18' title="bbox 367 1707 1786 1772; baseline 0.004 -19"><span class='ocrx_word' id='word_1_132' title='bbox 367 1707 562 1755; x_wconf 89' lang='lat' dir='ltr'>indutus</span> <span class='ocrx_word' id='word_1_133' title='bbox 603 1726 709 1756; x_wconf 90' lang='lat' dir='ltr'>sum</span> <span class='ocrx_word' id='word_1_134' title='bbox 751 1709 910 1756; x_wconf 91' lang='lat' dir='ltr'>adhuc</span> <span class='ocrx_word' id='word_1_135' title='bbox 955 1710 1094 1772; x_wconf 86' lang='lat' dir='ltr'>guttis</span> <span class='ocrx_word' id='word_1_136' title='bbox 1135 1709 1418 1756; x_wconf 88' lang='lat' dir='ltr'>stillantibus</span> <span class='ocrx_word' id='word_1_137' title='bbox 1463 1710 1656 1757; x_wconf 89' lang='lat' dir='ltr'>marinis</span> <span class='ocrx_word' id='word_1_138' title='bbox 1694 1711 1786 1758; x_wconf 88' lang='lat' dir='ltr'>flu·</span> 
     </span>
     <span class='ocr_line' id='line_1_19' title="bbox 367 1785 1786 1836; baseline 0.003 -4"><span class='ocrx_word' id='word_1_139' title='bbox 367 1785 521 1832; x_wconf 85' lang='lat' dir='ltr'>ctibus</span> <span class='ocrx_word' id='word_1_140' title='bbox 534 1787 683 1833; x_wconf 88' lang='lat' dir='ltr'>cernit</span> <span class='ocrx_word' id='word_1_141' title='bbox 689 1804 744 1833; x_wconf 89' lang='lat' dir='ltr'>ur</span> <span class='ocrx_word' id='word_1_142' title='bbox 754 1787 1097 1834; x_wconf 84' lang='lat' dir='ltr'>humectatum.</span> <span class='ocrx_word' id='word_1_143' title='bbox 1116 1805 1139 1831; x_wconf 87' lang='lat'>»</span> <span class='ocrx_word' id='word_1_144' title='bbox 1157 1790 1265 1834; x_wconf 87' lang='lat' dir='ltr'>Haec</span> <span class='ocrx_word' id='word_1_145' title='bbox 1278 1788 1448 1834; x_wconf 90' lang='lat' dir='ltr'>mulier</span> <span class='ocrx_word' id='word_1_146' title='bbox 1459 1804 1570 1834; x_wconf 90' lang='lat' dir='ltr'>cum</span> <span class='ocrx_word' id='word_1_147' title='bbox 1582 1797 1786 1836; x_wconf 82' lang='lat' dir='ltr'>tremore</span> 
     </span>
     <span class='ocr_line' id='line_1_20' title="bbox 366 1867 1779 1933; baseline 0.004 -21"><span class='ocrx_word' id='word_1_148' title='bbox 366 1881 542 1929; x_wconf 85' lang='lat' dir='ltr'>magno</span> <span class='ocrx_word' id='word_1_149' title='bbox 584 1868 860 1932; x_wconf 90' lang='lat' dir='ltr'>opprimens</span> <span class='ocrx_word' id='word_1_150' title='bbox 901 1867 1229 1932; x_wconf 88' lang='lat' dir='ltr'>pavimentum</span> <span class='ocrx_word' id='word_1_151' title='bbox 1265 1868 1443 1931; x_wconf 77' lang='lat' dir='ltr'>intente</span> <span class='ocrx_word' id='word_1_152' title='bbox 1482 1868 1779 1933; x_wconf 87' lang='lat' dir='ltr'>suspiciebat.</span> 
     </span>
     <span class='ocr_line' id='line_1_21' title="bbox 366 1933 1780 2009; baseline 0.001 -18"><span class='ocrx_word' id='word_1_153' title='bbox 366 1942 550 2001; x_wconf 87' lang='lat' dir='ltr'>Quibus</span> <span class='ocrx_word' id='word_1_154' title='bbox 567 1944 937 2007; x_wconf 88' lang='lat' dir='ltr'>discedentibus,</span> <span class='ocrx_word' id='word_1_155' title='bbox 956 1961 1145 1992; x_wconf 88' lang='lat' dir='ltr'>rursum</span> <span class='ocrx_word' id='word_1_156' title='bbox 1159 1945 1288 1992; x_wconf 90' lang='lat' dir='ltr'>ostiis</span> <span class='ocrx_word' id='word_1_157' title='bbox 1300 1933 1524 1993; x_wconf 80' lang='lat' dir='ltr'>divinitus</span> <span class='ocrx_word' id='word_1_158' title='bbox 1536 1944 1780 2009; x_wconf 83' lang='lat' dir='ltr'>obseratis,</span> 
     </span>
     <span class='ocr_line' id='line_1_22' title="bbox 327 2019 1783 2086; baseline 0.003 -19"><span class='ocrx_word' id='word_1_159' title='bbox 327 2042 330 2046; x_wconf 95' lang='lat'>·</span> <span class='ocrx_word' id='word_1_160' title='bbox 363 2019 464 2067; x_wconf 85' lang='lat' dir='ltr'>haec</span> <span class='ocrx_word' id='word_1_161' title='bbox 500 2021 563 2068; x_wconf 92' lang='lat' dir='ltr'>ad</span> <span class='ocrx_word' id='word_1_162' title='bbox 594 2022 755 2069; x_wconf 91' lang='lat' dir='ltr'>locum</span> <span class='ocrx_word' id='word_1_163' title='bbox 787 2023 838 2069; x_wconf 93' lang='lat' dir='ltr'>in</span> <span class='ocrx_word' id='word_1_164' title='bbox 869 2038 968 2086; x_wconf 92' lang='lat' dir='ltr'>quo</span> <span class='ocrx_word' id='word_1_165' title='bbox 997 2032 1186 2069; x_wconf 90' lang='lat' dir='ltr'>sanctus</span> <span class='ocrx_word' id='word_1_166' title='bbox 1218 2032 1408 2070; x_wconf 88' lang='lat' dir='ltr'>steterat</span> <span class='ocrx_word' id='word_1_167' title='bbox 1441 2023 1671 2071; x_wconf 87' lang='lat' dir='ltr'>accedens</span> <span class='ocrx_word' id='word_1_168' title='bbox 1705 2040 1783 2071; x_wconf 87' lang='lat' dir='ltr'>su-</span> 
     </span>
     <span class='ocr_line' id='line_1_23' title="bbox 365 2097 1783 2166; baseline 0.003 -22"><span class='ocrx_word' id='word_1_169' title='bbox 365 2097 500 2145; x_wconf 90' lang='lat' dir='ltr'>dario</span> <span class='ocrx_word' id='word_1_170' title='bbox 526 2109 680 2162; x_wconf 90' lang='lat' dir='ltr'>guttas</span> <span class='ocrx_word' id='word_1_171' title='bbox 701 2116 804 2164; x_wconf 88' lang='lat' dir='ltr'>quae</span> <span class='ocrx_word' id='word_1_172' title='bbox 826 2101 877 2146; x_wconf 94' lang='lat' dir='ltr'>in</span> <span class='ocrx_word' id='word_1_173' title='bbox 900 2100 1227 2164; x_wconf 88' lang='lat' dir='ltr'>pavimentum</span> <span class='ocrx_word' id='word_1_174' title='bbox 1250 2100 1439 2166; x_wconf 85' lang='lat' dir='ltr'>dilapsae</span> <span class='ocrx_word' id='word_1_175' title='bbox 1468 2099 1653 2148; x_wconf 85' lang='lat' dir='ltr'>fuerant</span> <span class='ocrx_word' id='word_1_176' title='bbox 1678 2100 1783 2148; x_wconf 90' lang='lat' dir='ltr'>dili·</span> 
     </span>
     <span class='ocr_line' id='line_1_24' title="bbox 364 2178 1781 2244; baseline 0.003 -21"><span class='ocrx_word' id='word_1_177' title='bbox 364 2187 528 2239; x_wconf 85' lang='lat' dir='ltr'>genter</span> <span class='ocrx_word' id='word_1_178' title='bbox 549 2178 760 2241; x_wconf 88' lang='lat' dir='ltr'>collegit,</span> <span class='ocrx_word' id='word_1_179' title='bbox 787 2188 835 2225; x_wconf 90' lang='lat' dir='ltr'>et</span> <span class='ocrx_word' id='word_1_180' title='bbox 853 2178 1193 2226; x_wconf 88' lang='lat' dir='ltr'>Bertchramno</span> <span class='ocrx_word' id='word_1_181' title='bbox 1206 2215 1219 2240; x_wconf 87' lang='lat'>,</span> <span class='ocrx_word' id='word_1_182' title='bbox 1244 2180 1327 2242; x_wconf 94' lang='lat' dir='ltr'>qui</span> <span class='ocrx_word' id='word_1_183' title='bbox 1350 2189 1465 2227; x_wconf 89' lang='lat' dir='ltr'>tunc</span> <span class='ocrx_word' id='word_1_184' title='bbox 1486 2180 1711 2244; x_wconf 88' lang='lat' dir='ltr'>temporis</span> <span class='ocrx_word' id='word_1_185' title='bbox 1731 2180 1781 2227; x_wconf 93' lang='lat' dir='ltr'>in</span> 
     </span>
     <span class='ocr_line' id='line_1_25' title="bbox 364 2254 1776 2319; baseline 0.004 -19"><span class='ocrx_word' id='word_1_186' title='bbox 364 2254 640 2319; x_wconf 88' lang='lat' dir='ltr'>episcopatu</span> <span class='ocrx_word' id='word_1_187' title='bbox 676 2254 847 2303; x_wconf 90' lang='lat' dir='ltr'>urbem</span> <span class='ocrx_word' id='word_1_188' title='bbox 883 2256 1075 2319; x_wconf 85' lang='lat' dir='ltr'>regebat</span> <span class='ocrx_word' id='word_1_189' title='bbox 1091 2294 1103 2318; x_wconf 90' lang='lat'>,</span> <span class='ocrx_word' id='word_1_190' title='bbox 1144 2257 1471 2304; x_wconf 88' lang='lat' dir='ltr'>manifestavit.</span> <span class='ocrx_word' id='word_1_191' title='bbox 1509 2256 1652 2314; x_wconf 88' lang='lat' dir='ltr'>Quod</span> <span class='ocrx_word' id='word_1_192' title='bbox 1681 2257 1776 2319; x_wconf 88' lang='lat' dir='ltr'>ille,</span> 
     </span>
     <span class='ocr_line' id='line_1_26' title="bbox 369 2333 1780 2399; baseline 0.003 -21"><span class='ocrx_word' id='word_1_193' title='bbox 369 2348 480 2378; x_wconf 89' lang='lat' dir='ltr'>cum</span> <span class='ocrx_word' id='word_1_194' title='bbox 506 2333 678 2395; x_wconf 87' lang='lat' dir='ltr'>gaudio</span> <span class='ocrx_word' id='word_1_195' title='bbox 700 2344 747 2380; x_wconf 90' lang='lat' dir='ltr'>et</span> <span class='ocrx_word' id='word_1_196' title='bbox 778 2333 1092 2381; x_wconf 90' lang='lat' dir='ltr'>admiratione</span> <span class='ocrx_word' id='word_1_197' title='bbox 1115 2349 1287 2398; x_wconf 87' lang='lat' dir='ltr'>magna</span> <span class='ocrx_word' id='word_1_198' title='bbox 1310 2334 1585 2399; x_wconf 89' lang='lat' dir='ltr'>suscipiens,</span> <span class='ocrx_word' id='word_1_199' title='bbox 1619 2351 1780 2382; x_wconf 88' lang='lat' dir='ltr'>secum</span> 
     </span>
     <span class='ocr_line' id='line_1_27' title="bbox 365 2409 1779 2460; baseline 0.004 -6"><span class='ocrx_word' id='word_1_200' title='bbox 365 2410 573 2457; x_wconf 86' lang='lat' dir='ltr'>retinuit.</span> <span class='ocrx_word' id='word_1_201' title='bbox 601 2413 672 2457; x_wconf 94' lang='lat' dir='ltr'>De</span> <span class='ocrx_word' id='word_1_202' title='bbox 693 2410 788 2457; x_wconf 92' lang='lat' dir='ltr'>hoc</span> <span class='ocrx_word' id='word_1_203' title='bbox 807 2411 936 2457; x_wconf 91' lang='lat' dir='ltr'>enim</span> <span class='ocrx_word' id='word_1_204' title='bbox 960 2411 1150 2458; x_wconf 88' lang='lat' dir='ltr'>sudario</span> <span class='ocrx_word' id='word_1_205' title='bbox 1174 2410 1313 2458; x_wconf 89' lang='lat' dir='ltr'>multi</span> <span class='ocrx_word' id='word_1_206' title='bbox 1334 2409 1509 2458; x_wconf 86' lang='lat' dir='ltr'>infirmi</span> <span class='ocrx_word' id='word_1_207' title='bbox 1534 2412 1779 2460; x_wconf 85' lang='lat' dir='ltr'>sanitatem</span> 
     </span>
     <span class='ocr_line' id='line_1_28' title="bbox 368 2488 1780 2553; baseline 0.004 -20"><span class='ocrx_word' id='word_1_208' title='bbox 368 2488 546 2551; x_wconf 88' lang='lat' dir='ltr'>experti</span> <span class='ocrx_word' id='word_1_209' title='bbox 571 2498 680 2535; x_wconf 92' lang='lat' dir='ltr'>sunt</span> <span class='ocrx_word' id='word_1_210' title='bbox 693 2526 706 2550; x_wconf 94' lang='lat'>,</span> <span class='ocrx_word' id='word_1_211' title='bbox 733 2505 790 2536; x_wconf 88' lang='lat' dir='ltr'>ac</span> <span class='ocrx_word' id='word_1_212' title='bbox 814 2488 1094 2553; x_wconf 90' lang='lat' dir='ltr'>plerumque</span> <span class='ocrx_word' id='word_1_213' title='bbox 1116 2489 1283 2553; x_wconf 88' lang='lat' dir='ltr'>etipse</span> <span class='ocrx_word' id='word_1_214' title='bbox 1302 2488 1515 2553; x_wconf 82' lang='lat' dir='ltr'>pontifex</span> <span class='ocrx_word' id='word_1_215' title='bbox 1535 2489 1595 2536; x_wconf 92' lang='lat' dir='ltr'>de</span> <span class='ocrx_word' id='word_1_216' title='bbox 1615 2506 1674 2537; x_wconf 88' lang='lat' dir='ltr'>eo</span> <span class='ocrx_word' id='word_1_217' title='bbox 1698 2489 1780 2538; x_wconf 89' lang='lat' dir='ltr'>de-</span> 
     </span>
     <span class='ocr_line' id='line_1_29' title="bbox 369 2565 1779 2631; baseline 0.003 -21"><span class='ocrx_word' id='word_1_218' title='bbox 369 2580 567 2629; x_wconf 87' lang='lat' dir='ltr'>cerpens</span> <span class='ocrx_word' id='word_1_219' title='bbox 589 2567 816 2631; x_wconf 85' lang='lat' dir='ltr'>pignora,</span> <span class='ocrx_word' id='word_1_220' title='bbox 844 2565 928 2612; x_wconf 92' lang='lat' dir='ltr'>ubi</span> <span class='ocrx_word' id='word_1_221' title='bbox 960 2566 1179 2613; x_wconf 90' lang='lat' dir='ltr'>ecclesias</span> <span class='ocrx_word' id='word_1_222' title='bbox 1209 2565 1517 2614; x_wconf 85' lang='lat' dir='ltr'>consecrabat</span> <span class='ocrx_word' id='word_1_223' title='bbox 1531 2603 1544 2628; x_wconf 90' lang='lat'>‚</span> <span class='ocrx_word' id='word_1_224' title='bbox 1579 2566 1779 2615; x_wconf 76' lang='lat' dir='ltr'>fideliter</span> 
     </span>
     <span class='ocr_line' id='line_1_30' title="bbox 365 2642 630 2690; baseline 0.011 -3"><span class='ocrx_word' id='word_1_225' title='bbox 365 2642 630 2690; x_wconf 85' lang='lat' dir='ltr'>collocavit.</span> 
     </span>
     <span class='ocr_line' id='line_1_31' title="bbox 428 2721 1720 2787; baseline 0.004 -21"><span class='ocrx_word' id='word_1_226' title='bbox 428 2722 536 2767; x_wconf 85' lang='lat' dir='ltr'>Haec</span> <span class='ocrx_word' id='word_1_227' title='bbox 559 2732 717 2768; x_wconf 88' lang='lat' dir='ltr'>autem</span> <span class='ocrx_word' id='word_1_228' title='bbox 741 2721 803 2770; x_wconf 82' lang='lat' dir='ltr'>ab</span> <span class='ocrx_word' id='word_1_229' title='bbox 826 2722 972 2786; x_wconf 90' lang='lat' dir='ltr'>ipsius</span> <span class='ocrx_word' id='word_1_230' title='bbox 992 2721 1202 2786; x_wconf 89' lang='lat' dir='ltr'>episcopi</span> <span class='ocrx_word' id='word_1_231' title='bbox 1228 2722 1376 2771; x_wconf 87' lang='lat' dir='ltr'>relatu</span> <span class='ocrx_word' id='word_1_232' title='bbox 1397 2722 1720 2787; x_wconf 59' lang='lat' dir='ltr'>cognovimus</span> 
     </span>
    </p>
   </div>
  </div>
 </body>
</html>
