2002 3418
299 267 374 304 168
700 268 766 304 DE
798 267 986 305 GLORIA
1012 269 1309 307 MARTYRUM.

297 371 486 402 arsurus
503 356 553 402 in
578 356 827 419 gehenna?
851 357 978 414 Quid
1000 356 1086 403 tibi
1110 367 1309 421 prosunt
1333 357 1540 422 peritura
1561 357 1709 418 lucra,

297 449 402 497 quae
421 442 604 480 oeternae
623 433 730 481 vitae
755 434 946 499 pariunt
979 434 1296 482 detrimenta?
1315 441 1449 500 juxta
1479 434 1596 482 illud
1620 437 1716 482 Do-

298 510 416 557 mini
436 510 639 558 verbum
658 529 667 557 :
697 510 827 572 Quid
832 511 1033 576 prodest
1052 511 1235 559 homini
1252 514 1298 559 si
1318 523 1465 559 totum
1489 510 1714 558 mundum

299 586 524 649 lucretur,
563 590 736 635 animae
772 600 931 635 autem
967 606 1062 636 suae
1097 589 1432 637 detrimentum
1462 589 1718 653 patiatur?

298 669 424 726 Aut,
459 684 604 732 quam
648 666 781 714 dabit
811 666 950 713 homo
984 670 1398 715 commutationem
1429 683 1521 731 pro
1554 667 1719 713 anima

297 758 386 787 sua
401 743 426 788 Ρ
451 741 619 805 (Math.
645 758 743 802 XVI,
765 742 870 806 26.)

871 838 1028 874 CAPUT
1053 839 1150 874 LIX.

749 927 802 960 De
821 925 956 960 ultione
973 926 1158 974 cujusdam
1174 926 1263 962 furis
1276 927 1306 963 ¹.

362 1017 601 1065 Ecclesia²
621 1028 692 1065 est
718 1018 812 1065 vici
834 1019 1174 1082 Icidiorensis³,
1211 1020 1300 1067 sub
1335 1020 1541 1067 termino
1580 1022 1725 1066 Turo-

263 1152 265 1154 .
301 1097 420 1143 nicae
434 1094 584 1158 urbis,
600 1111 707 1159 quae
719 1095 1002 1160 plerumque
1021 1098 1164 1144 sacris
1180 1097 1420 1156 miraculis
1437 1091 1717 1158 illustratur3

302 1175 530 1220 fenestras
562 1189 621 1221 ex
656 1190 791 1221 more
821 1174 1030 1236 habens,
1068 1192 1173 1240 quae
1206 1175 1329 1222 vitro
1365 1175 1505 1238 lignis
1542 1175 1726 1222 incluso

305 1250 612 1314 clauduntur,
644 1268 742 1316 quo
765 1253 1033 1317 praeclarius
1063 1252 1152 1300 aedi
1184 1262 1374 1301 sacratae
1405 1252 1569 1299 lumen
1596 1251 1729 1317 quod

307 1328 518 1376 mundus
542 1331 768 1377 meruerit
795 1329 1170 1378 subministrent.
1197 1333 1355 1389 Quam
1387 1330 1635 1377 ecclesiam
1656 1329 1731 1377 fur

308 1416 573 1454 nocturnus
613 1407 1009 1472 importunusque
1053 1407 1351 1472 aggreditur;
1403 1408 1732 1472 ingressusque

309 1494 475 1546 nocte,
514 1501 627 1532 cum
660 1485 824 1532 omnia
853 1496 1067 1533 cerneret
1097 1486 1352 1534 custodum
1384 1502 1499 1533 cura
1531 1485 1653 1531 tueri
1686 1495 1734 1532 et

310 1562 432 1610 nihil
463 1562 523 1609 de
556 1562 699 1610 sacris
730 1562 1000 1611 ministeriis
1038 1564 1171 1628 quod
1200 1563 1405 1612 auferret
1434 1562 1698 1610 adverteret
1716 1600 1729 1625 ‚

311 1642 378 1689 ait
395 1642 520 1688 intra
538 1657 587 1688 se
611 1659 622 1688 z
650 1662 673 1685 «
688 1641 737 1688 Si
758 1641 888 1689 aliud
904 1679 917 1702 ‚
944 1643 1101 1707 inquit
1114 1680 1127 1704 ‚
1149 1643 1361 1690 invenire
1382 1658 1484 1689 non
1504 1657 1699 1706 possum
1716 1679 1729 1703 ‚

311 1718 388 1766 vel
409 1718 497 1766 has
518 1719 644 1784 ipsas
667 1736 785 1783 quas
805 1736 953 1767 cerno
973 1720 1145 1768 vitreas
1163 1719 1391 1781 auferam,
1415 1718 1616 1784 fusoque
1639 1734 1735 1765 me-

313 1797 428 1845 tallo
446 1796 629 1861 aliquid
646 1797 751 1845 auri
775 1798 1059 1862 conquiram
1080 1797 1216 1844 mihi.
1238 1817 1262 1840 x>
1288 1796 1465 1844 Ablatis
1485 1795 1627 1860 igitur
1645 1794 1736 1843 dis-

313 1877 570 1942 sipatisque
608 1876 795 1938 vitreis,
837 1877 1082 1924 metallum
1122 1876 1317 1923 abstulit
1330 1913 1342 1937 ,
1382 1885 1430 1922 et
1470 1875 1520 1922 in
1558 1890 1736 1940 pagum

316 1954 510 2017 Biturigi
535 1955 758 2001 territorii
788 1955 1005 2002 contulit.
1031 1955 1320 2018 Missumque
1348 1954 1525 2000 vitrum
1560 1953 1611 1999 in
1647 1951 1740 1999 for-

316 2048 434 2079 nace
464 2048 551 2097 per
584 2031 799 2079 triduum
834 2032 1109 2097 decoquens
1126 2070 1138 2094 ‚
1183 2032 1371 2079 nullum
1406 2029 1578 2078 exinde
1617 2046 1739 2096 opus

315 2111 473 2176 potuit
498 2111 720 2177 expedire
745 2129 755 2157 :
781 2112 1026 2176 victusque
1048 2111 1263 2172 crimine,
1289 2110 1506 2157 divinum
1527 2125 1669 2173 super
1688 2124 1738 2156 se

310 2188 546 2252 judicium
561 2189 766 2251 intuens,
784 2205 1089 2253 nequaquam
1105 2198 1263 2235 motus
1275 2188 1501 2253 perdurat
1515 2187 1566 2233 in
1581 2186 1733 2233 malis.

318 2266 540 2314 Ablatum
552 2277 714 2315 autem
731 2283 761 2315 a
774 2266 955 2315 cacabo
972 2267 1165 2328 vitrum,
1185 2265 1318 2330 quod
1334 2266 1385 2312 in
1401 2264 1559 2331 pilulis
1576 2264 1736 2311 nescio

317 2344 491 2408 quihus
522 2361 808 2393 conversum
844 2344 1013 2405 fuerat,
1044 2342 1407 2392 advenientibus
1436 2341 1738 2405 negotiatori-

369 2523 424 2571 (1)
443 2526 503 2561 De
519 2526 606 2575 fare
622 2530 689 2576 qui
707 2526 845 2563 vitreas
862 2523 1030 2573 abstulit,
1050 2523 1150 2562 2791
1162 2554 1171 2563 .

369 2586 422 2632 (2)
443 2589 501 2624 De
518 2589 753 2625 Iciodorense
771 2592 810 2624 in
831 2590 1012 2625 Turonico
1029 2588 1198 2632 ecclesia,
1220 2585 1341 2623 2205.

369 2649 422 2695 (3)
442 2649 546 2686 2204
567 2659 604 2687 et
622 2663 736 2701 supp.
768 2651 861 2699 478,
890 2650 1158 2694 Icioderensi53
1193 2649 1314 2697 2205,
1344 2648 1591 2684 Icioderensis
1628 2653 1668 2684 et
1695 2644 1737 2683 in

315 2709 490 2762 margine
509 2710 561 2759 (id
582 2720 640 2750 est
662 2726 751 2750 x1u⁰
774 2713 928 2761 saeculo)
958 2715 1017 2750 De
1046 2709 1254 2750 lcidorensi
1274 2711 1444 2748 ecclesia.
1466 2712 1524 2747 De
1544 2709 1620 2747 hoc
1651 2708 1736 2746 loco

315 2787 393 2812 non
410 2776 529 2814 semel
549 2777 676 2830 agitur
694 2778 733 2816 in
753 2779 872 2831 Greg.
894 2778 992 2816 Hist.
