<?xml version="1.0" encoding="UTF-8"?>
<!DOCTYPE html PUBLIC "-//W3C//DTD XHTML 1.0 Transitional//EN"
    "http://www.w3.org/TR/xhtml1/DTD/xhtml1-transitional.dtd">
<html xmlns="http://www.w3.org/1999/xhtml" xml:lang="en" lang="en">
 <head>
  <title>
</title>
<meta http-equiv="Content-Type" content="text/html;charset=utf-8" />
  <meta name='ocr-system' content='tesseract 3.04.00' />
  <meta name='ocr-capabilities' content='ocr_page ocr_carea ocr_par ocr_line ocrx_word'/>
</head>
<body>
  <div class='ocr_page' id='page_1' title='image "./leslivresdesmira01greguoft_0469.png"; bbox 0 0 2002 3418; ppageno 0'>
   <div class='ocr_carea' id='block_1_1' title="bbox 608 297 1590 348">
    <p class='ocr_par' dir='ltr' id='par_1_1' title="bbox 608 297 1590 348">
     <span class='ocr_line' id='line_1_1' title="bbox 608 297 1590 348; baseline -0.01 0"><span class='ocrx_word' id='word_1_1' title='bbox 608 311 760 348; x_wconf 76' lang='lat' dir='ltr'>TABLE</span> <span class='ocrx_word' id='word_1_2' title='bbox 793 309 884 347; x_wconf 65' lang='lat' dir='ltr'><strong>mss</strong></span> <span class='ocrx_word' id='word_1_3' title='bbox 913 297 1163 344; x_wconf 65' lang='lat' dir='ltr'><strong>mutans,</strong></span> <span class='ocrx_word' id='word_1_4' title='bbox 1513 303 1590 340; x_wconf 66' lang='grc' dir='ltr'><strong>ωτι</strong></span> 
     </span>
    </p>
   </div>
   <div class='ocr_carea' id='block_1_2' title="bbox 184 367 1597 2483">
    <p class='ocr_par' dir='ltr' id='par_1_2' title="bbox 184 367 1597 2416">
     <span class='ocr_line' id='line_1_2' title="bbox 196 367 1589 418; baseline -0.01 -9"><span class='ocrx_word' id='word_1_5' title='bbox 196 378 295 418; x_wconf 69' lang='lat' dir='ltr'>Chnp.</span> <span class='ocrx_word' id='word_1_6' title='bbox 1318 367 1322 369; x_wconf 59' lang='grc'><strong>’</strong></span> <span class='ocrx_word' id='word_1_7' title='bbox 1484 369 1589 407; x_wconf 58' lang='lat' dir='ltr'><strong>Paga.</strong></span> 
     </span>
     <span class='ocr_line' id='line_1_3' title="bbox 195 417 1590 470; baseline -0.009 -7"><span class='ocrx_word' id='word_1_8' title='bbox 195 428 277 463; x_wconf 89' lang='lat' dir='ltr'>LII.</span> <span class='ocrx_word' id='word_1_9' title='bbox 302 428 355 460; x_wconf 91' lang='lat' dir='ltr'><strong>De</strong></span> <span class='ocrx_word' id='word_1_10' title='bbox 375 424 463 460; x_wconf 81' lang='lat' dir='ltr'>saint</span> <span class='ocrx_word' id='word_1_11' title='bbox 486 420 736 470; x_wconf 72' lang='lat' dir='ltr'><strong>Symphorien.</strong></span> <span class='ocrx_word' id='word_1_12' title='bbox 751 447 759 454; x_wconf 93' lang='lat'><strong>.</strong></span> <span class='ocrx_word' id='word_1_13' title='bbox 773 446 785 464; x_wconf 22' lang='grc' dir='ltr'><strong>,ι</strong></span> <span class='ocrx_word' id='word_1_14' title='bbox 799 441 1464 455; x_wconf 88' lang='grc'><strong>.............................</strong></span> <span class='ocrx_word' id='word_1_15' title='bbox 1523 417 1590 451; x_wconf 75' lang='lat'><strong>153</strong></span> 
     </span>
     <span class='ocr_line' id='line_1_4' title="bbox 194 480 1591 528; baseline -0.009 -2"><span class='ocrx_word' id='word_1_16' title='bbox 194 491 295 528; x_wconf 84' lang='lat' dir='ltr'>LIII.</span> <span class='ocrx_word' id='word_1_17' title='bbox 320 491 378 525; x_wconf 89' lang='lat' dir='ltr'><strong>Du</strong></span> <span class='ocrx_word' id='word_1_18' title='bbox 395 487 633 523; x_wconf 83' lang='lat' dir='ltr'><strong>bienheureux</strong></span> <span class='ocrx_word' id='word_1_19' title='bbox 649 483 778 519; x_wconf 84' lang='lat' dir='ltr'><strong>Marcel</strong></span> <span class='ocrx_word' id='word_1_20' title='bbox 796 481 840 517; x_wconf 84' lang='lat' dir='ltr'><strong>de</strong></span> <span class='ocrx_word' id='word_1_21' title='bbox 855 480 1007 517; x_wconf 66' lang='lat' dir='ltr'><strong>chaom</strong></span> <span class='ocrx_word' id='word_1_22' title='bbox 1011 505 1464 516; x_wconf 84' lang='grc'><strong>....................</strong></span> <span class='ocrx_word' id='word_1_23' title='bbox 1522 481 1591 514; x_wconf 80' lang='lat'><strong>¹55</strong></span> 
     </span>
     <span class='ocr_line' id='line_1_5' title="bbox 185 545 1589 601; baseline -0.011 -8"><span class='ocrx_word' id='word_1_24' title='bbox 185 557 291 601; x_wconf 78' lang='lat' dir='ltr'>LIV.</span> <span class='ocrx_word' id='word_1_25' title='bbox 315 557 368 590; x_wconf 90' lang='lat' dir='ltr'><strong>De</strong></span> <span class='ocrx_word' id='word_1_26' title='bbox 385 554 474 590; x_wconf 80' lang='lat' dir='ltr'><strong>saint</strong></span> <span class='ocrx_word' id='word_1_27' title='bbox 483 551 647 588; x_wconf 77' lang='lat' dir='ltr'><strong>Valerien</strong></span> <span class='ocrx_word' id='word_1_28' title='bbox 654 570 1466 585; x_wconf 86' lang='grc'><strong>...................................</strong></span> <span class='ocrx_word' id='word_1_29' title='bbox 1523 545 1589 579; x_wconf 76' lang='lat'><strong>157</strong></span> 
     </span>
     <span class='ocr_line' id='line_1_6' title="bbox 197 610 1590 667; baseline -0.01 -9"><span class='ocrx_word' id='word_1_30' title='bbox 197 623 274 658; x_wconf 87' lang='lat' dir='ltr'><strong>LV.</strong></span> <span class='ocrx_word' id='word_1_31' title='bbox 297 623 367 656; x_wconf 83' lang='lat' dir='ltr'><strong>Des</strong></span> <span class='ocrx_word' id='word_1_32' title='bbox 386 627 534 667; x_wconf 74' lang='lat' dir='ltr'><strong>mai-tyrs</strong></span> <span class='ocrx_word' id='word_1_33' title='bbox 548 615 734 653; x_wconf 67' lang='lat' dir='ltr'><strong>Timothee</strong></span> <span class='ocrx_word' id='word_1_34' title='bbox 747 622 780 649; x_wconf 89' lang='lat' dir='ltr'><strong>et</strong></span> <span class='ocrx_word' id='word_1_35' title='bbox 794 610 1008 661; x_wconf 78' lang='lat' dir='ltr'><strong>Apouinaire</strong></span> <span class='ocrx_word' id='word_1_36' title='bbox 1011 636 1465 646; x_wconf 81' lang='grc'><strong>....................</strong></span> <span class='ocrx_word' id='word_1_37' title='bbox 1523 611 1590 645; x_wconf 78' lang='grc'><strong>159</strong></span> 
     </span>
     <span class='ocr_line' id='line_1_7' title="bbox 196 676 1588 730; baseline -0.011 -6"><span class='ocrx_word' id='word_1_38' title='bbox 196 688 292 724; x_wconf 82' lang='lat' dir='ltr'>LVI.</span> <span class='ocrx_word' id='word_1_39' title='bbox 318 688 371 722; x_wconf 88' lang='lat' dir='ltr'><strong>De</strong></span> <span class='ocrx_word' id='word_1_40' title='bbox 389 686 479 722; x_wconf 77' lang='lat' dir='ltr'><strong>saint</strong></span> <span class='ocrx_word' id='word_1_41' title='bbox 496 685 652 730; x_wconf 84' lang='lat' dir='ltr'><strong>Eutrope</strong></span> <span class='ocrx_word' id='word_1_42' title='bbox 659 701 1467 717; x_wconf 87' lang='grc'><strong>...................................</strong></span> <span class='ocrx_word' id='word_1_43' title='bbox 1527 676 1588 710; x_wconf 89' lang='grc'><strong>161</strong></span> 
     </span>
     <span class='ocr_line' id='line_1_8' title="bbox 196 739 1592 788; baseline -0.012 1"><span class='ocrx_word' id='word_1_44' title='bbox 196 751 311 788; x_wconf 82' lang='lat' dir='ltr'>LVII.</span> <span class='ocrx_word' id='word_1_45' title='bbox 337 752 392 786; x_wconf 91' lang='lat' dir='ltr'><strong>De</strong></span> <span class='ocrx_word' id='word_1_46' title='bbox 408 750 498 786; x_wconf 84' lang='lat' dir='ltr'><strong>saint</strong></span> <span class='ocrx_word' id='word_1_47' title='bbox 519 745 699 784; x_wconf 75' lang='lat' dir='ltr'><strong>Amarand</strong></span> <span class='ocrx_word' id='word_1_48' title='bbox 705 765 1468 781; x_wconf 86' lang='grc'><strong>.................................</strong></span> <span class='ocrx_word' id='word_1_49' title='bbox 1527 739 1592 773; x_wconf 83' lang='grc'><strong>183</strong></span> 
     </span>
     <span class='ocr_line' id='line_1_9' title="bbox 197 803 1596 860; baseline -0.01 -9"><span class='ocrx_word' id='word_1_50' title='bbox 197 816 332 852; x_wconf 83' lang='lat' dir='ltr'>LVIII.</span> <span class='ocrx_word' id='word_1_51' title='bbox 356 817 410 851; x_wconf 85' lang='lat' dir='ltr'><strong>De</strong></span> <span class='ocrx_word' id='word_1_52' title='bbox 428 814 518 851; x_wconf 79' lang='lat' dir='ltr'><strong>saint</strong></span> <span class='ocrx_word' id='word_1_53' title='bbox 533 813 674 860; x_wconf 63' lang='lat' dir='ltr'><strong>Eugene</strong></span> <span class='ocrx_word' id='word_1_54' title='bbox 680 829 1469 846; x_wconf 86' lang='grc'><strong>..................................</strong></span> <span class='ocrx_word' id='word_1_55' title='bbox 1527 803 1596 837; x_wconf 78' lang='grc'><strong>165</strong></span> 
     </span>
     <span class='ocr_line' id='line_1_10' title="bbox 196 869 1594 918; baseline -0.01 -2"><span class='ocrx_word' id='word_1_56' title='bbox 196 881 293 918; x_wconf 88' lang='lat' dir='ltr'>LIX.</span> <span class='ocrx_word' id='word_1_57' title='bbox 318 880 485 918; x_wconf 85' lang='lat' dir='ltr'><strong>Punition</strong></span> <span class='ocrx_word' id='word_1_58' title='bbox 501 878 588 913; x_wconf 88' lang='lat' dir='ltr'><strong>d&#39;un</strong></span> <span class='ocrx_word' id='word_1_59' title='bbox 603 876 725 911; x_wconf 83' lang='lat' dir='ltr'><strong>volem·</strong></span> <span class='ocrx_word' id='word_1_60' title='bbox 733 894 1470 910; x_wconf 84' lang='lat'>................................</span> <span class='ocrx_word' id='word_1_61' title='bbox 1528 869 1594 903; x_wconf 91' lang='grc'><strong>169</strong></span> 
     </span>
     <span class='ocr_line' id='line_1_11' title="bbox 197 934 1589 992; baseline -0.01 -9"><span class='ocrx_word' id='word_1_62' title='bbox 197 945 274 982; x_wconf 85' lang='lat' dir='ltr'><strong>LX.</strong></span> <span class='ocrx_word' id='word_1_63' title='bbox 299 947 369 980; x_wconf 84' lang='lat' dir='ltr'><strong>Des</strong></span> <span class='ocrx_word' id='word_1_64' title='bbox 383 954 531 992; x_wconf 78' lang='lat' dir='ltr'><strong>max-tyrs</strong></span> <span class='ocrx_word' id='word_1_65' title='bbox 545 941 716 990; x_wconf 84' lang='lat' dir='ltr'><strong>Rogatien</strong></span> <span class='ocrx_word' id='word_1_66' title='bbox 729 948 764 974; x_wconf 86' lang='lat' dir='ltr'><strong>et</strong></span> <span class='ocrx_word' id='word_1_67' title='bbox 779 937 964 984; x_wconf 77' lang='lat' dir='ltr'><strong>Donatien,</strong></span> <span class='ocrx_word' id='word_1_68' title='bbox 979 945 1012 971; x_wconf 85' lang='lat' dir='ltr'><strong>et</strong></span> <span class='ocrx_word' id='word_1_69' title='bbox 1027 935 1076 970; x_wconf 90' lang='lat' dir='ltr'><strong>du</strong></span> <span class='ocrx_word' id='word_1_70' title='bbox 1091 936 1288 970; x_wconf 80' lang='lat' dir='ltr'><strong>confesseur</strong></span> <span class='ocrx_word' id='word_1_71' title='bbox 1306 934 1474 970; x_wconf 88' lang='lat' dir='ltr'><strong>Similien.</strong></span> <span class='ocrx_word' id='word_1_72' title='bbox 1526 935 1589 969; x_wconf 88' lang='grc'><strong>171</strong></span> 
     </span>
     <span class='ocr_line' id='line_1_12' title="bbox 196 999 1593 1055; baseline -0.009 -10"><span class='ocrx_word' id='word_1_73' title='bbox 196 1009 292 1047; x_wconf 92' lang='lat' dir='ltr'>LXI.</span> <span class='ocrx_word' id='word_1_74' title='bbox 318 1009 388 1044; x_wconf 72' lang='lat' dir='ltr'><strong>Des</strong></span> <span class='ocrx_word' id='word_1_75' title='bbox 404 1008 552 1055; x_wconf 77' lang='lat' dir='ltr'>reliques</span> <span class='ocrx_word' id='word_1_76' title='bbox 567 1005 611 1041; x_wconf 91' lang='lat' dir='ltr'><strong>de</strong></span> <span class='ocrx_word' id='word_1_77' title='bbox 626 1005 714 1041; x_wconf 87' lang='lat' dir='ltr'>saint</span> <span class='ocrx_word' id='word_1_78' title='bbox 730 1003 874 1039; x_wconf 84' lang='lat' dir='ltr'><strong>Nazaire</strong></span> <span class='ocrx_word' id='word_1_79' title='bbox 893 1024 1470 1037; x_wconf 87' lang='grc'><strong>.........................</strong></span> <span class='ocrx_word' id='word_1_80' title='bbox 1529 999 1593 1033; x_wconf 84' lang='grc'><strong>173</strong></span> 
     </span>
     <span class='ocr_line' id='line_1_13' title="bbox 195 1064 1596 1120; baseline -0.008 -12"><span class='ocrx_word' id='word_1_81' title='bbox 195 1073 311 1110; x_wconf 88' lang='lat' dir='ltr'>LXII.</span> <span class='ocrx_word' id='word_1_82' title='bbox 336 1074 406 1109; x_wconf 86' lang='lat' dir='ltr'><strong>Des</strong></span> <span class='ocrx_word' id='word_1_83' title='bbox 422 1073 608 1120; x_wconf 88' lang='lat' dir='ltr'><strong>cinquante</strong></span> <span class='ocrx_word' id='word_1_84' title='bbox 622 1078 771 1118; x_wconf 84' lang='lat' dir='ltr'><strong>martyrs</strong></span> <span class='ocrx_word' id='word_1_85' title='bbox 785 1067 942 1103; x_wconf 61' lang='lat' dir='ltr'><strong>thebains</strong></span> <span class='ocrx_word' id='word_1_86' title='bbox 947 1089 1470 1102; x_wconf 88' lang='grc'><strong>.......................</strong></span> <span class='ocrx_word' id='word_1_87' title='bbox 1527 1064 1596 1097; x_wconf 80' lang='grc'><strong>175</strong></span> 
     </span>
     <span class='ocr_line' id='line_1_14' title="bbox 196 1130 1593 1175; baseline -0.008 -2"><span class='ocrx_word' id='word_1_88' title='bbox 196 1137 331 1175; x_wconf 88' lang='lat' dir='ltr'>LXIII.</span> <span class='ocrx_word' id='word_1_89' title='bbox 356 1140 409 1174; x_wconf 91' lang='lat' dir='ltr'><strong>De</strong></span> <span class='ocrx_word' id='word_1_90' title='bbox 427 1139 520 1174; x_wconf 87' lang='lat' dir='ltr'><strong>saint</strong></span> <span class='ocrx_word' id='word_1_91' title='bbox 533 1138 698 1173; x_wconf 80' lang='lat' dir='ltr'><strong>Mallosus</strong></span> <span class='ocrx_word' id='word_1_92' title='bbox 706 1155 1470 1170; x_wconf 84' lang='grc'><strong>.................................</strong></span> <span class='ocrx_word' id='word_1_93' title='bbox 1528 1130 1593 1162; x_wconf 87' lang='grc'><strong>177</strong></span> 
     </span>
     <span class='ocr_line' id='line_1_15' title="bbox 196 1194 1595 1252; baseline -0.009 -13"><span class='ocrx_word' id='word_1_94' title='bbox 196 1203 327 1239; x_wconf 83' lang='lat' dir='ltr'>LXIV.</span> <span class='ocrx_word' id='word_1_95' title='bbox 352 1205 410 1239; x_wconf 87' lang='lat' dir='ltr'><strong>Du</strong></span> <span class='ocrx_word' id='word_1_96' title='bbox 425 1212 557 1252; x_wconf 79' lang='lat' dir='ltr'><strong>martyr</strong></span> <span class='ocrx_word' id='word_1_97' title='bbox 574 1201 731 1238; x_wconf 86' lang='lat' dir='ltr'>Patrocle</span> <span class='ocrx_word' id='word_1_98' title='bbox 734 1219 1472 1236; x_wconf 90' lang='grc'><strong>................................</strong></span> <span class='ocrx_word' id='word_1_99' title='bbox 1529 1194 1595 1228; x_wconf 85' lang='grc'><strong>179</strong></span> 
     </span>
     <span class='ocr_line' id='line_1_16' title="bbox 197 1259 1590 1314; baseline -0.009 -10"><span class='ocrx_word' id='word_1_100' title='bbox 197 1268 308 1306; x_wconf 89' lang='lat' dir='ltr'>LXV.</span> <span class='ocrx_word' id='word_1_101' title='bbox 334 1270 387 1304; x_wconf 87' lang='lat' dir='ltr'><strong>De</strong></span> <span class='ocrx_word' id='word_1_102' title='bbox 399 1269 434 1304; x_wconf 81' lang='lat' dir='ltr'><strong>la</strong></span> <span class='ocrx_word' id='word_1_103' title='bbox 450 1268 617 1314; x_wconf 83' lang='lat' dir='ltr'><strong>basilique</strong></span> <span class='ocrx_word' id='word_1_104' title='bbox 631 1266 681 1302; x_wconf 86' lang='lat' dir='ltr'><strong>du</strong></span> <span class='ocrx_word' id='word_1_105' title='bbox 700 1273 832 1313; x_wconf 81' lang='lat' dir='ltr'><strong>martyr</strong></span> <span class='ocrx_word' id='word_1_106' title='bbox 845 1263 935 1298; x_wconf 81' lang='lat' dir='ltr'><strong>saint</strong></span> <span class='ocrx_word' id='word_1_107' title='bbox 958 1261 1123 1297; x_wconf 83' lang='lat' dir='ltr'><strong>Antolien</strong></span> <span class='ocrx_word' id='word_1_108' title='bbox 1130 1283 1470 1296; x_wconf 89' lang='grc'><strong>...............</strong></span> <span class='ocrx_word' id='word_1_109' title='bbox 1526 1259 1590 1292; x_wconf 88' lang='grc'><strong>181</strong></span> 
     </span>
     <span class='ocr_line' id='line_1_17' title="bbox 197 1327 1595 1378; baseline -0.009 -6"><span class='ocrx_word' id='word_1_110' title='bbox 197 1335 330 1371; x_wconf 84' lang='lat' dir='ltr'>LXVI.</span> <span class='ocrx_word' id='word_1_111' title='bbox 355 1336 448 1370; x_wconf 72' lang='lat' dir='ltr'><strong>D‘un</strong></span> <span class='ocrx_word' id='word_1_112' title='bbox 469 1335 530 1371; x_wconf 81' lang='lat' dir='ltr'><strong>vol</strong></span> <span class='ocrx_word' id='word_1_113' title='bbox 554 1333 700 1369; x_wconf 84' lang='lat' dir='ltr'><strong>commis</strong></span> <span class='ocrx_word' id='word_1_114' title='bbox 714 1332 801 1368; x_wconf 82' lang='lat' dir='ltr'><strong>dans</strong></span> <span class='ocrx_word' id='word_1_115' title='bbox 814 1330 942 1378; x_wconf 77' lang='lat' dir='ltr'><strong>l‘eglise</strong></span> <span class='ocrx_word' id='word_1_116' title='bbox 959 1328 1005 1364; x_wconf 89' lang='lat' dir='ltr'><strong>de</strong></span> <span class='ocrx_word' id='word_1_117' title='bbox 1019 1328 1108 1364; x_wconf 83' lang='lat' dir='ltr'><strong>saint</strong></span> <span class='ocrx_word' id='word_1_118' title='bbox 1123 1327 1290 1363; x_wconf 83' lang='lat' dir='ltr'><strong>saturnin</strong></span> <span class='ocrx_word' id='word_1_119' title='bbox 1297 1351 1471 1363; x_wconf 91' lang='grc'><strong>........</strong></span> <span class='ocrx_word' id='word_1_120' title='bbox 1528 1327 1595 1360; x_wconf 75' lang='grc'><strong>185</strong></span> 
     </span>
     <span class='ocr_line' id='line_1_18' title="bbox 198 1391 1594 1444; baseline -0.008 -9"><span class='ocrx_word' id='word_1_121' title='bbox 198 1399 348 1434; x_wconf 85' lang='lat' dir='ltr'>LXVII.</span> <span class='ocrx_word' id='word_1_122' title='bbox 373 1402 426 1435; x_wconf 87' lang='lat' dir='ltr'><strong>De</strong></span> <span class='ocrx_word' id='word_1_123' title='bbox 440 1399 529 1435; x_wconf 82' lang='lat' dir='ltr'><strong>saint</strong></span> <span class='ocrx_word' id='word_1_124' title='bbox 540 1399 654 1434; x_wconf 58' lang='lat' dir='ltr'><strong>Genea</strong></span> <span class='ocrx_word' id='word_1_125' title='bbox 668 1398 889 1444; x_wconf 82' lang='lat' dir='ltr'><strong>d’Auvergne</strong></span> <span class='ocrx_word' id='word_1_126' title='bbox 896 1417 1471 1431; x_wconf 87' lang='grc'><strong>.........................</strong></span> <span class='ocrx_word' id='word_1_127' title='bbox 1528 1391 1594 1425; x_wconf 88' lang='grc'><strong>187</strong></span> 
     </span>
     <span class='ocr_line' id='line_1_19' title="bbox 198 1457 1595 1511; baseline -0.007 -11"><span class='ocrx_word' id='word_1_128' title='bbox 198 1465 367 1502; x_wconf 71' lang='lat' dir='ltr'>LXVIII.</span> <span class='ocrx_word' id='word_1_129' title='bbox 394 1467 447 1500; x_wconf 92' lang='lat' dir='ltr'><strong>De</strong></span> <span class='ocrx_word' id='word_1_130' title='bbox 463 1465 590 1507; x_wconf 67' lang='lat' dir='ltr'><strong>Genea,</strong></span> <span class='ocrx_word' id='word_1_131' title='bbox 608 1472 740 1511; x_wconf 83' lang='lat' dir='ltr'><strong>martyr</strong></span> <span class='ocrx_word' id='word_1_132' title='bbox 754 1462 907 1506; x_wconf 55' lang='lat' dir='ltr'><strong>dubles,</strong></span> <span class='ocrx_word' id='word_1_133' title='bbox 933 1468 968 1496; x_wconf 87' lang='lat' dir='ltr'><strong>et</strong></span> <span class='ocrx_word' id='word_1_134' title='bbox 979 1459 1029 1495; x_wconf 86' lang='lat' dir='ltr'><strong>du</strong></span> <span class='ocrx_word' id='word_1_135' title='bbox 1041 1459 1172 1494; x_wconf 66' lang='lat' dir='ltr'><strong>murier</strong></span> <span class='ocrx_word' id='word_1_136' title='bbox 1183 1457 1338 1494; x_wconf 71' lang='lat' dir='ltr'><strong>revivifie</strong></span> <span class='ocrx_word' id='word_1_137' title='bbox 1344 1483 1471 1493; x_wconf 89' lang='grc'><strong>......</strong></span> <span class='ocrx_word' id='word_1_138' title='bbox 1529 1457 1595 1490; x_wconf 87' lang='grc'><strong>189</strong></span> 
     </span>
     <span class='ocr_line' id='line_1_20' title="bbox 198 1521 1590 1575; baseline -0.008 -10"><span class='ocrx_word' id='word_1_139' title='bbox 198 1528 330 1563; x_wconf 85' lang='lat' dir='ltr'>LXIX.</span> <span class='ocrx_word' id='word_1_140' title='bbox 353 1529 424 1564; x_wconf 84' lang='lat' dir='ltr'><strong>Des</strong></span> <span class='ocrx_word' id='word_1_141' title='bbox 440 1529 596 1564; x_wconf 80' lang='lat' dir='ltr'><strong>miracles</strong></span> <span class='ocrx_word' id='word_1_142' title='bbox 618 1529 741 1575; x_wconf 74' lang='lat' dir='ltr'><strong>operes</strong></span> <span class='ocrx_word' id='word_1_143' title='bbox 760 1539 826 1574; x_wconf 85' lang='lat' dir='ltr'><strong>par</strong></span> <span class='ocrx_word' id='word_1_144' title='bbox 839 1526 929 1562; x_wconf 86' lang='lat' dir='ltr'><strong>saint</strong></span> <span class='ocrx_word' id='word_1_145' title='bbox 941 1525 1055 1560; x_wconf 61' lang='lat' dir='ltr'><strong>Genea</strong></span> <span class='ocrx_word' id='word_1_146' title='bbox 1062 1547 1471 1560; x_wconf 87' lang='grc'><strong>..................</strong></span> <span class='ocrx_word' id='word_1_147' title='bbox 1528 1521 1590 1555; x_wconf 88' lang='grc'><strong>191</strong></span> 
     </span>
     <span class='ocr_line' id='line_1_21' title="bbox 198 1586 1596 1640; baseline -0.004 -14"><span class='ocrx_word' id='word_1_148' title='bbox 198 1591 310 1629; x_wconf 84' lang='lat' dir='ltr'>Lxx.</span> <span class='ocrx_word' id='word_1_149' title='bbox 337 1593 452 1628; x_wconf 84' lang='lat' dir='ltr'><strong>D’une</strong></span> <span class='ocrx_word' id='word_1_150' title='bbox 466 1593 590 1628; x_wconf 88' lang='lat' dir='ltr'><strong>femme</strong></span> <span class='ocrx_word' id='word_1_151' title='bbox 603 1593 824 1640; x_wconf 80' lang='lat' dir='ltr'><strong>injustement</strong></span> <span class='ocrx_word' id='word_1_152' title='bbox 837 1592 978 1627; x_wconf 71' lang='lat' dir='ltr'><strong>aecusee</strong></span> <span class='ocrx_word' id='word_1_153' title='bbox 993 1588 1185 1624; x_wconf 74' lang='lat' dir='ltr'><strong>d&#39;adultere</strong></span> <span class='ocrx_word' id='word_1_154' title='bbox 1199 1600 1265 1636; x_wconf 86' lang='lat' dir='ltr'><strong>par</strong></span> <span class='ocrx_word' id='word_1_155' title='bbox 1274 1599 1340 1624; x_wconf 83' lang='lat' dir='ltr'><strong>son</strong></span> <span class='ocrx_word' id='word_1_156' title='bbox 1351 1586 1453 1622; x_wconf 86' lang='lat' dir='ltr'><strong>mari.</strong></span> <span class='ocrx_word' id='word_1_157' title='bbox 1463 1612 1472 1622; x_wconf 91' lang='lat'><strong>.</strong></span> <span class='ocrx_word' id='word_1_158' title='bbox 1527 1587 1596 1621; x_wconf 85' lang='grc'><strong>193</strong></span> 
     </span>
     <span class='ocr_line' id='line_1_22' title="bbox 198 1654 1597 1697; baseline -0.004 -4"><span class='ocrx_word' id='word_1_159' title='bbox 198 1657 330 1697; x_wconf 89' lang='lat' dir='ltr'>LXXI.</span> <span class='ocrx_word' id='word_1_160' title='bbox 354 1659 408 1694; x_wconf 91' lang='lat' dir='ltr'><strong>De</strong></span> <span class='ocrx_word' id='word_1_161' title='bbox 424 1659 565 1694; x_wconf 77' lang='lat' dir='ltr'><strong>Feri-eol</strong></span> <span class='ocrx_word' id='word_1_162' title='bbox 580 1668 614 1694; x_wconf 89' lang='lat' dir='ltr'><strong>et</strong></span> <span class='ocrx_word' id='word_1_163' title='bbox 628 1659 674 1694; x_wconf 89' lang='lat' dir='ltr'><strong>de</strong></span> <span class='ocrx_word' id='word_1_164' title='bbox 687 1657 878 1694; x_wconf 76' lang='lat' dir='ltr'><strong>Fermeion</strong></span> <span class='ocrx_word' id='word_1_165' title='bbox 894 1680 1471 1693; x_wconf 86' lang='lat'>.........................</span> <span class='ocrx_word' id='word_1_166' title='bbox 1528 1654 1597 1689; x_wconf 77' lang='lat'><strong>195</strong></span> 
     </span>
     <span class='ocr_line' id='line_1_23' title="bbox 198 1710 1592 1770; baseline -0.003 -12"><span class='ocrx_word' id='word_1_167' title='bbox 198 1723 350 1758; x_wconf 75' lang='lat' dir='ltr'>Lxxn.</span> <span class='ocrx_word' id='word_1_168' title='bbox 375 1710 531 1760; x_wconf 72' lang='lat' dir='ltr'><strong>De&#39;snint</strong></span> <span class='ocrx_word' id='word_1_169' title='bbox 544 1724 664 1769; x_wconf 61' lang='lat' dir='ltr'><strong>neuin,</strong></span> <span class='ocrx_word' id='word_1_170' title='bbox 684 1724 813 1770; x_wconf 54' lang='lat' dir='ltr'><strong>aveque</strong></span> <span class='ocrx_word' id='word_1_171' title='bbox 827 1721 872 1757; x_wconf 77' lang='lat' dir='ltr'><strong>de</strong></span> <span class='ocrx_word' id='word_1_172' title='bbox 892 1722 990 1757; x_wconf 74' lang='lat' dir='ltr'><strong>Paris</strong></span> <span class='ocrx_word' id='word_1_173' title='bbox 994 1746 1234 1757; x_wconf 90' lang='grc'><strong>...........</strong></span> <span class='ocrx_word' id='word_1_174' title='bbox 1240 1715 1243 1717; x_wconf 82' lang='grc'><em>“</em></span> <span class='ocrx_word' id='word_1_175' title='bbox 1248 1745 1472 1756; x_wconf 90' lang='grc'><strong>..........</strong></span> <span class='ocrx_word' id='word_1_176' title='bbox 1527 1720 1592 1754; x_wconf 78' lang='lat'><strong>197</strong></span> 
     </span>
     <span class='ocr_line' id='line_1_24' title="bbox 198 1785 1590 1834; baseline -0.003 -10"><span class='ocrx_word' id='word_1_177' title='bbox 198 1789 366 1825; x_wconf 87' lang='lat' dir='ltr'>LXXIII.</span> <span class='ocrx_word' id='word_1_178' title='bbox 393 1790 446 1824; x_wconf 92' lang='lat' dir='ltr'><strong>De</strong></span> <span class='ocrx_word' id='word_1_179' title='bbox 457 1789 546 1824; x_wconf 84' lang='lat' dir='ltr'>saint</span> <span class='ocrx_word' id='word_1_180' title='bbox 564 1789 719 1834; x_wconf 86' lang='lat' dir='ltr'><strong>Quentin</strong></span> <span class='ocrx_word' id='word_1_181' title='bbox 734 1787 780 1823; x_wconf 91' lang='lat' dir='ltr'><strong>de</strong></span> <span class='ocrx_word' id='word_1_182' title='bbox 796 1785 1030 1823; x_wconf 82' lang='lat' dir='ltr'><strong>Vermandois</strong></span> <span class='ocrx_word' id='word_1_183' title='bbox 1036 1811 1471 1823; x_wconf 88' lang='grc'><strong>...................</strong></span> <span class='ocrx_word' id='word_1_184' title='bbox 1525 1785 1590 1820; x_wconf 79' lang='grc'><strong>201</strong></span> 
     </span>
     <span class='ocr_line' id='line_1_25' title="bbox 184 1850 1595 1905; baseline -0.003 -16"><span class='ocrx_word' id='word_1_185' title='bbox 184 1854 363 1905; x_wconf 60' lang='lat' dir='ltr'>LXXIV.</span> <span class='ocrx_word' id='word_1_186' title='bbox 389 1856 442 1889; x_wconf 92' lang='lat' dir='ltr'><strong>De</strong></span> <span class='ocrx_word' id='word_1_187' title='bbox 461 1855 588 1897; x_wconf 57' lang='lat' dir='ltr'><strong>Genea,</strong></span> <span class='ocrx_word' id='word_1_188' title='bbox 609 1862 741 1901; x_wconf 83' lang='lat' dir='ltr'><strong>martyr</strong></span> <span class='ocrx_word' id='word_1_189' title='bbox 756 1852 801 1888; x_wconf 90' lang='lat' dir='ltr'><strong>de</strong></span> <span class='ocrx_word' id='word_1_190' title='bbox 812 1853 957 1900; x_wconf 84' lang='lat' dir='ltr'><strong>Bigorre</strong></span> <span class='ocrx_word' id='word_1_191' title='bbox 963 1876 1471 1890; x_wconf 87' lang='grc'><strong>......................</strong></span> <span class='ocrx_word' id='word_1_192' title='bbox 1526 1850 1595 1884; x_wconf 79' lang='grc'><strong>203</strong></span> 
     </span>
     <span class='ocr_line' id='line_1_26' title="bbox 197 1914 1594 1963; baseline -0.004 -10"><span class='ocrx_word' id='word_1_193' title='bbox 197 1918 346 1953; x_wconf 85' lang='lat' dir='ltr'>LXXV.</span> <span class='ocrx_word' id='word_1_194' title='bbox 371 1919 429 1952; x_wconf 91' lang='lat' dir='ltr'><strong>Du</strong></span> <span class='ocrx_word' id='word_1_195' title='bbox 442 1917 498 1952; x_wconf 89' lang='lat' dir='ltr'><strong>roi</strong></span> <span class='ocrx_word' id='word_1_196' title='bbox 512 1918 603 1953; x_wconf 81' lang='lat' dir='ltr'><strong>saint</strong></span> <span class='ocrx_word' id='word_1_197' title='bbox 616 1916 814 1963; x_wconf 82' lang='lat' dir='ltr'><strong>Sigismond</strong></span> <span class='ocrx_word' id='word_1_198' title='bbox 821 1939 1468 1951; x_wconf 89' lang='grc'><strong>............................</strong></span> <span class='ocrx_word' id='word_1_199' title='bbox 1546 1914 1594 1948; x_wconf 86' lang='lat' dir='ltr'>id.-</span> 
     </span>
     <span class='ocr_line' id='line_1_27' title="bbox 198 1979 1478 2029; baseline -0.003 -12"><span class='ocrx_word' id='word_1_200' title='bbox 198 1982 365 2020; x_wconf 89' lang='lat' dir='ltr'>LXXVI.</span> <span class='ocrx_word' id='word_1_201' title='bbox 392 1983 460 2018; x_wconf 82' lang='lat' dir='ltr'><strong>Des</strong></span> <span class='ocrx_word' id='word_1_202' title='bbox 478 1982 583 2018; x_wconf 84' lang='lat' dir='ltr'><strong>saints</strong></span> <span class='ocrx_word' id='word_1_203' title='bbox 598 1981 791 2029; x_wconf 85' lang='lat' dir='ltr'><strong>d’Agaune,</strong></span> <span class='ocrx_word' id='word_1_204' title='bbox 804 1993 852 2016; x_wconf 87' lang='lat' dir='ltr'><strong>ou</strong></span> <span class='ocrx_word' id='word_1_205' title='bbox 864 1980 909 2015; x_wconf 86' lang='lat' dir='ltr'><strong>de</strong></span> <span class='ocrx_word' id='word_1_206' title='bbox 923 1981 1012 2016; x_wconf 74' lang='lat' dir='ltr'><strong>saint</strong></span> <span class='ocrx_word' id='word_1_207' title='bbox 1030 1980 1188 2015; x_wconf 82' lang='lat' dir='ltr'><strong>Maurice</strong></span> <span class='ocrx_word' id='word_1_208' title='bbox 1200 1988 1234 2014; x_wconf 92' lang='lat' dir='ltr'><strong>et</strong></span> <span class='ocrx_word' id='word_1_209' title='bbox 1251 1979 1295 2014; x_wconf 92' lang='lat' dir='ltr'><strong>de</strong></span> <span class='ocrx_word' id='word_1_210' title='bbox 1313 1991 1365 2014; x_wconf 82' lang='lat' dir='ltr'><strong>ses</strong></span> <span class='ocrx_word' id='word_1_211' title='bbox 1379 1991 1478 2014; x_wconf 90' lang='lat' dir='ltr'><strong>com-</strong></span> 
     </span>
     <span class='ocr_line' id='line_1_28' title="bbox 291 2044 1595 2094; baseline -0.001 -13"><span class='ocrx_word' id='word_1_212' title='bbox 291 2058 451 2094; x_wconf 85' lang='lat' dir='ltr'><strong>pagnons</strong></span> <span class='ocrx_word' id='word_1_213' title='bbox 454 2070 1471 2083; x_wconf 86' lang='grc'><strong>............................................</strong></span> <span class='ocrx_word' id='word_1_214' title='bbox 1525 2044 1595 2080; x_wconf 80' lang='lat'><strong>205</strong></span> 
     </span>
     <span class='ocr_line' id='line_1_29' title="bbox 199 2109 1590 2149; baseline -0.003 -1"><span class='ocrx_word' id='word_1_215' title='bbox 199 2112 387 2149; x_wconf 86' lang='lat' dir='ltr'>LXXVII.</span> <span class='ocrx_word' id='word_1_216' title='bbox 410 2113 464 2147; x_wconf 84' lang='lat' dir='ltr'><strong>De</strong></span> <span class='ocrx_word' id='word_1_217' title='bbox 477 2112 569 2147; x_wconf 82' lang='lat' dir='ltr'><strong>saint</strong></span> <span class='ocrx_word' id='word_1_218' title='bbox 584 2111 708 2146; x_wconf 87' lang='lat' dir='ltr'><strong>Victor</strong></span> <span class='ocrx_word' id='word_1_219' title='bbox 726 2109 771 2146; x_wconf 92' lang='lat' dir='ltr'><strong>de</strong></span> <span class='ocrx_word' id='word_1_220' title='bbox 785 2110 958 2145; x_wconf 73' lang='lat' dir='ltr'><strong>Max-seille</strong></span> <span class='ocrx_word' id='word_1_221' title='bbox 966 2135 1470 2146; x_wconf 87' lang='grc'><strong>......................</strong></span> <span class='ocrx_word' id='word_1_222' title='bbox 1524 2109 1590 2143; x_wconf 78' lang='lat'><strong>211</strong></span> 
     </span>
     <span class='ocr_line' id='line_1_30' title="bbox 199 2174 1593 2224; baseline -0.004 -10"><span class='ocrx_word' id='word_1_223' title='bbox 199 2178 404 2214; x_wconf 87' lang='lat' dir='ltr'>LXXVIII.</span> <span class='ocrx_word' id='word_1_224' title='bbox 428 2179 486 2212; x_wconf 88' lang='lat' dir='ltr'><strong>Du</strong></span> <span class='ocrx_word' id='word_1_225' title='bbox 500 2176 655 2224; x_wconf 86' lang='lat' dir='ltr'><strong>glorieux</strong></span> <span class='ocrx_word' id='word_1_226' title='bbox 672 2185 803 2223; x_wconf 82' lang='lat' dir='ltr'><strong>martyr</strong></span> <span class='ocrx_word' id='word_1_227' title='bbox 818 2174 965 2210; x_wconf 86' lang='lat' dir='ltr'><strong>Baudile</strong></span> <span class='ocrx_word' id='word_1_228' title='bbox 986 2200 1470 2210; x_wconf 88' lang='grc'><strong>.....................</strong></span> <span class='ocrx_word' id='word_1_229' title='bbox 1524 2174 1593 2208; x_wconf 75' lang='lat'><strong>213</strong></span> 
     </span>
     <span class='ocr_line' id='line_1_31' title="bbox 199 2237 1595 2286; baseline -0.004 -9"><span class='ocrx_word' id='word_1_230' title='bbox 199 2242 366 2278; x_wconf 87' lang='lat' dir='ltr'>LXXIX.</span> <span class='ocrx_word' id='word_1_231' title='bbox 383 2243 453 2276; x_wconf 84' lang='lat' dir='ltr'><strong>Des</strong></span> <span class='ocrx_word' id='word_1_232' title='bbox 470 2241 626 2275; x_wconf 80' lang='lat' dir='ltr'><strong>miracles</strong></span> <span class='ocrx_word' id='word_1_233' title='bbox 641 2239 685 2274; x_wconf 88' lang='lat' dir='ltr'><strong>de</strong></span> <span class='ocrx_word' id='word_1_234' title='bbox 699 2241 844 2286; x_wconf 70' lang='lat' dir='ltr'><strong>l&#39;apbtre</strong></span> <span class='ocrx_word' id='word_1_235' title='bbox 857 2239 946 2274; x_wconf 86' lang='lat' dir='ltr'><strong>saint</strong></span> <span class='ocrx_word' id='word_1_236' title='bbox 957 2238 1076 2274; x_wconf 72' lang='lat' dir='ltr'><strong>Andre</strong></span> <span class='ocrx_word' id='word_1_237' title='bbox 1088 2238 1312 2285; x_wconf 79' lang='lat' dir='ltr'><strong>dansl&#39;eglise</strong></span> <span class='ocrx_word' id='word_1_238' title='bbox 1327 2237 1475 2285; x_wconf 87' lang='lat' dir='ltr'>d&#39;Agde.</span> <span class='ocrx_word' id='word_1_239' title='bbox 1523 2238 1595 2272; x_wconf 29' lang='lat'><strong>217.</strong></span> 
     </span>
     <span class='ocr_line' id='line_1_32' title="bbox 201 2303 1588 2352; baseline -0.004 -10"><span class='ocrx_word' id='word_1_240' title='bbox 201 2308 346 2346; x_wconf 79' lang='lat' dir='ltr'>LXXX,</span> <span class='ocrx_word' id='word_1_241' title='bbox 371 2308 466 2341; x_wconf 89' lang='lat' dir='ltr'><strong>D&#39;un</strong></span> <span class='ocrx_word' id='word_1_242' title='bbox 482 2306 624 2341; x_wconf 84' lang='lat' dir='ltr'><strong>miracle</strong></span> <span class='ocrx_word' id='word_1_243' title='bbox 640 2306 701 2352; x_wconf 92' lang='lat' dir='ltr'><strong>qui</strong></span> <span class='ocrx_word' id='word_1_244' title='bbox 715 2305 883 2340; x_wconf 83' lang='lat' dir='ltr'><strong>confirme</strong></span> <span class='ocrx_word' id='word_1_245' title='bbox 898 2306 933 2339; x_wconf 86' lang='lat' dir='ltr'><strong>la</strong></span> <span class='ocrx_word' id='word_1_246' title='bbox 950 2305 1000 2339; x_wconf 85' lang='lat' dir='ltr'><strong>foi</strong></span> <span class='ocrx_word' id='word_1_247' title='bbox 1020 2304 1219 2339; x_wconf 56' lang='lat' dir='ltr'><strong>clu-&amp;tienne</strong></span> <span class='ocrx_word' id='word_1_248' title='bbox 1225 2329 1471 2339; x_wconf 87' lang='grc'><strong>...........</strong></span> <span class='ocrx_word' id='word_1_249' title='bbox 1524 2303 1588 2337; x_wconf 79' lang='lat'><strong>221</strong></span> 
     </span>
     <span class='ocr_line' id='line_1_33' title="bbox 199 2369 1479 2416; baseline -0.003 -9"><span class='ocrx_word' id='word_1_250' title='bbox 199 2371 365 2408; x_wconf 84' lang='lat' dir='ltr'>LXXXI.</span> <span class='ocrx_word' id='word_1_251' title='bbox 384 2374 500 2407; x_wconf 90' lang='lat' dir='ltr'><strong>D’une</strong></span> <span class='ocrx_word' id='word_1_252' title='bbox 513 2372 715 2408; x_wconf 75' lang='lat' dir='ltr'><strong>altercation</strong></span> <span class='ocrx_word' id='word_1_253' title='bbox 730 2379 828 2405; x_wconf 88' lang='lat' dir='ltr'><strong>entre</strong></span> <span class='ocrx_word' id='word_1_254' title='bbox 842 2383 891 2405; x_wconf 91' lang='lat' dir='ltr'><strong>un</strong></span> <span class='ocrx_word' id='word_1_255' title='bbox 904 2369 1020 2405; x_wconf 89' lang='lat' dir='ltr'><strong>diacre</strong></span> <span class='ocrx_word' id='word_1_256' title='bbox 1036 2369 1236 2416; x_wconf 89' lang='lat' dir='ltr'><strong>catholique</strong></span> <span class='ocrx_word' id='word_1_257' title='bbox 1251 2377 1285 2404; x_wconf 89' lang='lat' dir='ltr'><strong>et</strong></span> <span class='ocrx_word' id='word_1_258' title='bbox 1298 2381 1347 2403; x_wconf 88' lang='lat' dir='ltr'><strong>un</strong></span> <span class='ocrx_word' id='word_1_259' title='bbox 1362 2370 1479 2416; x_wconf 69' lang='lat' dir='ltr'><strong>pren-e</strong></span> 
     </span>
    </p>

    <p class='ocr_par' dir='ltr' id='par_1_3' title="bbox 293 2434 1595 2483">
     <span class='ocr_line' id='line_1_34' title="bbox 293 2434 1595 2483; baseline -0.003 -11"><span class='ocrx_word' id='word_1_260' title='bbox 293 2437 471 2483; x_wconf 63' lang='lat' dir='ltr'><strong>heretique</strong></span> <span class='ocrx_word' id='word_1_261' title='bbox 475 2459 1471 2472; x_wconf 87' lang='grc'><strong>...........................................</strong></span> <span class='ocrx_word' id='word_1_262' title='bbox 1525 2434 1595 2469; x_wconf 79' lang='grc'><strong>225</strong></span> 
     </span>
    </p>
   </div>
   <div class='ocr_carea' id='block_1_3' title="bbox 202 2498 1593 2876">
    <p class='ocr_par' dir='ltr' id='par_1_4' title="bbox 203 2498 1593 2615">
     <span class='ocr_line' id='line_1_35' title="bbox 203 2498 1476 2547; baseline -0.003 -10"><span class='ocrx_word' id='word_1_263' title='bbox 203 2502 390 2538; x_wconf 84' lang='lat' dir='ltr'>LXXXII.</span> <span class='ocrx_word' id='word_1_264' title='bbox 414 2500 508 2535; x_wconf 89' lang='lat' dir='ltr'><strong>D’un</strong></span> <span class='ocrx_word' id='word_1_265' title='bbox 521 2501 611 2535; x_wconf 85' lang='lat' dir='ltr'><strong>clerc</strong></span> <span class='ocrx_word' id='word_1_266' title='bbox 625 2501 724 2536; x_wconf 88' lang='lat' dir='ltr'><strong>battu</strong></span> <span class='ocrx_word' id='word_1_267' title='bbox 741 2513 786 2535; x_wconf 88' lang='lat' dir='ltr'><strong>en</strong></span> <span class='ocrx_word' id='word_1_268' title='bbox 800 2501 958 2547; x_wconf 83' lang='lat' dir='ltr'><strong>Espagne</strong></span> <span class='ocrx_word' id='word_1_269' title='bbox 967 2512 1061 2547; x_wconf 87' lang='lat' dir='ltr'><strong>pour</strong></span> <span class='ocrx_word' id='word_1_270' title='bbox 1076 2499 1175 2535; x_wconf 78' lang='lat' dir='ltr'><strong>avoir</strong></span> <span class='ocrx_word' id='word_1_271' title='bbox 1191 2499 1345 2534; x_wconf 70' lang='lat' dir='ltr'><strong>confesse</strong></span> <span class='ocrx_word' id='word_1_272' title='bbox 1352 2498 1385 2533; x_wconf 92' lang='lat' dir='ltr'><strong>le</strong></span> <span class='ocrx_word' id='word_1_273' title='bbox 1399 2498 1476 2534; x_wconf 85' lang='lat' dir='ltr'><strong>sei-</strong></span> 
     </span>
     <span class='ocr_line' id='line_1_36' title="bbox 294 2555 1593 2615; baseline -0.002 -13"><span class='ocrx_word' id='word_1_274' title='bbox 294 2580 405 2615; x_wconf 87' lang='lat' dir='ltr'><strong>gneur</strong></span> <span class='ocrx_word' id='word_1_275' title='bbox 409 2591 1328 2603; x_wconf 83' lang='lat'>........................................</span> <span class='ocrx_word' id='word_1_276' title='bbox 1334 2555 1338 2558; x_wconf 32' lang='lat'><strong>⁴</strong></span> <span class='ocrx_word' id='word_1_277' title='bbox 1343 2591 1469 2600; x_wconf 87' lang='lat'>......</span> <span class='ocrx_word' id='word_1_278' title='bbox 1524 2566 1593 2600; x_wconf 74' lang='lat'><strong>229</strong></span> 
     </span>
    </p>

    <p class='ocr_par' dir='ltr' id='par_1_5' title="bbox 202 2631 1592 2876">
     <span class='ocr_line' id='line_1_37' title="bbox 202 2631 1474 2679; baseline -0.003 -9"><span class='ocrx_word' id='word_1_279' title='bbox 202 2634 406 2670; x_wconf 79' lang='lat' dir='ltr'>LXXXIII.</span> <span class='ocrx_word' id='word_1_280' title='bbox 419 2634 488 2668; x_wconf 86' lang='lat' dir='ltr'><strong>Des</strong></span> <span class='ocrx_word' id='word_1_281' title='bbox 496 2634 642 2678; x_wconf 82' lang='lat' dir='ltr'><strong>reliques</strong></span> <span class='ocrx_word' id='word_1_282' title='bbox 653 2632 698 2666; x_wconf 88' lang='lat' dir='ltr'><strong>de</strong></span> <span class='ocrx_word' id='word_1_283' title='bbox 707 2632 877 2679; x_wconf 86' lang='lat' dir='ltr'><strong>plusieurs</strong></span> <span class='ocrx_word' id='word_1_284' title='bbox 886 2640 1045 2679; x_wconf 84' lang='lat' dir='ltr'><strong>martyrs,</strong></span> <span class='ocrx_word' id='word_1_285' title='bbox 1058 2632 1172 2667; x_wconf 81' lang='lat' dir='ltr'><strong>saveir</strong></span> <span class='ocrx_word' id='word_1_286' title='bbox 1181 2644 1189 2667; x_wconf 73' lang='grc' dir='ltr'>ε</span> <span class='ocrx_word' id='word_1_287' title='bbox 1199 2632 1302 2674; x_wconf 88' lang='lat' dir='ltr'><strong>Paul,</strong></span> <span class='ocrx_word' id='word_1_288' title='bbox 1310 2631 1474 2675; x_wconf 79' lang='lat' dir='ltr'><strong>Lam-ent,</strong></span> 
     </span>
     <span class='ocr_line' id='line_1_38' title="bbox 294 2695 1586 2745; baseline -0.002 -12"><span class='ocrx_word' id='word_1_289' title='bbox 294 2699 479 2741; x_wconf 71' lang='lat' dir='ltr'><strong>Pmoraoe,</strong></span> <span class='ocrx_word' id='word_1_290' title='bbox 497 2697 729 2745; x_wconf 80' lang='lat' dir='ltr'><strong>Chrysanthe,</strong></span> <span class='ocrx_word' id='word_1_291' title='bbox 745 2697 778 2731; x_wconf 94' lang='lat' dir='ltr'><strong>la</strong></span> <span class='ocrx_word' id='word_1_292' title='bbox 795 2696 911 2743; x_wconf 81' lang='lat' dir='ltr'><strong>vierge</strong></span> <span class='ocrx_word' id='word_1_293' title='bbox 922 2696 1040 2739; x_wconf 86' lang='lat' dir='ltr'><strong>Daria,</strong></span> <span class='ocrx_word' id='word_1_294' title='bbox 1053 2696 1140 2730; x_wconf 80' lang='lat' dir='ltr'><strong>Jean</strong></span> <span class='ocrx_word' id='word_1_295' title='bbox 1151 2704 1185 2730; x_wconf 90' lang='lat' dir='ltr'><strong>et</strong></span> <span class='ocrx_word' id='word_1_296' title='bbox 1196 2695 1283 2730; x_wconf 85' lang='lat' dir='ltr'><strong>Paul</strong></span> <span class='ocrx_word' id='word_1_297' title='bbox 1295 2707 1360 2731; x_wconf 82' lang='lat' dir='ltr'><strong>son</strong></span> <span class='ocrx_word' id='word_1_298' title='bbox 1371 2696 1473 2731; x_wconf 56' lang='lat' dir='ltr'><strong>frere.</strong></span> <span class='ocrx_word' id='word_1_299' title='bbox 1523 2696 1586 2731; x_wconf 75' lang='lat'><strong>23¹</strong></span> 
     </span>
     <span class='ocr_line' id='line_1_39' title="bbox 202 2759 1592 2808; baseline -0.003 -10"><span class='ocrx_word' id='word_1_300' title='bbox 202 2762 402 2798; x_wconf 86' lang='lat' dir='ltr'>LXXXIV.</span> <span class='ocrx_word' id='word_1_301' title='bbox 426 2762 494 2796; x_wconf 73' lang='lat' dir='ltr'><strong>Des</strong></span> <span class='ocrx_word' id='word_1_302' title='bbox 516 2761 663 2808; x_wconf 82' lang='lat' dir='ltr'><strong>reliques</strong></span> <span class='ocrx_word' id='word_1_303' title='bbox 686 2772 753 2806; x_wconf 91' lang='lat' dir='ltr'><strong>que</strong></span> <span class='ocrx_word' id='word_1_304' title='bbox 775 2772 859 2795; x_wconf 88' lang='lat' dir='ltr'><strong>mon</strong></span> <span class='ocrx_word' id='word_1_305' title='bbox 875 2763 958 2807; x_wconf 74' lang='lat' dir='ltr'><strong>pere</strong></span> <span class='ocrx_word' id='word_1_306' title='bbox 972 2759 1147 2807; x_wconf 72' lang='lat' dir='ltr'><strong>possedait</strong></span> <span class='ocrx_word' id='word_1_307' title='bbox 1153 2785 1468 2796; x_wconf 87' lang='grc'><strong>..............</strong></span> <span class='ocrx_word' id='word_1_308' title='bbox 1523 2761 1592 2795; x_wconf 78' lang='grc'><strong>233</strong></span> 
     </span>
     <span class='ocr_line' id='line_1_40' title="bbox 202 2827 1586 2876; baseline -0.002 -11"><span class='ocrx_word' id='word_1_309' title='bbox 202 2829 382 2867; x_wconf 86' lang='lat' dir='ltr'>LXXXV.</span> <span class='ocrx_word' id='word_1_310' title='bbox 408 2830 459 2873; x_wconf 84' lang='lat' dir='ltr'><strong>De</strong></span> <span class='ocrx_word' id='word_1_311' title='bbox 473 2829 562 2865; x_wconf 86' lang='lat' dir='ltr'><strong>celui</strong></span> <span class='ocrx_word' id='word_1_312' title='bbox 578 2829 638 2875; x_wconf 88' lang='lat' dir='ltr'><strong>qui</strong></span> <span class='ocrx_word' id='word_1_313' title='bbox 654 2829 781 2876; x_wconf 80' lang='lat' dir='ltr'><strong>baigna</strong></span> <span class='ocrx_word' id='word_1_314' title='bbox 798 2840 849 2862; x_wconf 82' lang='lat' dir='ltr'><strong>ses</strong></span> <span class='ocrx_word' id='word_1_315' title='bbox 867 2827 966 2875; x_wconf 73' lang='lat' dir='ltr'><strong>pieds</strong></span> <span class='ocrx_word' id='word_1_316' title='bbox 988 2828 1076 2863; x_wconf 84' lang='lat' dir='ltr'><strong>dans</strong></span> <span class='ocrx_word' id='word_1_317' title='bbox 1093 2840 1163 2863; x_wconf 91' lang='lat' dir='ltr'><strong>une</strong></span> <span class='ocrx_word' id='word_1_318' title='bbox 1180 2831 1304 2875; x_wconf 82' lang='lat' dir='ltr'><strong>patene</strong></span> <span class='ocrx_word' id='word_1_319' title='bbox 1311 2853 1461 2865; x_wconf 90' lang='grc'><strong>.......</strong></span> <span class='ocrx_word' id='word_1_320' title='bbox 1518 2828 1586 2862; x_wconf 80' lang='lat'><strong>23⁷</strong></span> 
     </span>
    </p>
   </div>
  </div>
 </body>
</html>
