2002 3418
393 375 469 413 372
689 376 756 412 DE
785 376 1055 414 MIRACULIS
1086 375 1257 415 SANCTI
1284 376 1494 414 IULIANI.

387 479 498 510 cum
528 477 655 510 nova
685 463 884 528 porrigit
904 462 1077 528 pocula
1117 472 1164 510 et
1199 462 1306 527 plus
1331 461 1478 510 habet
1512 478 1656 527 quam
1690 463 1794 526 ine,

386 556 499 588 cum
538 540 589 587 in
625 550 852 606 promptu
888 557 988 588 non
1023 539 1288 588 ostenditur
1321 539 1461 588 vinea
1493 549 1541 588 et
1570 540 1621 587 in
1651 539 1799 590 domo

385 617 641 682 gignuntur
669 617 864 666 falerna.
903 618 1050 666 Rudis
1079 619 1256 666 etenim
1289 618 1420 666 venit
1452 618 1553 665 sine
1576 617 1799 667 torculari

382 695 646 758 vindemia,
690 713 794 761 quae
832 713 934 744 non
970 697 1021 744 in
1060 695 1358 762 palmitibus,
1395 695 1481 744 sed
1518 696 1570 743 in
1604 696 1800 744 occultis

381 772 613 839 mysteriis
633 785 703 823 est
723 785 936 841 reperta3
962 791 1158 823 acervus
1179 776 1428 823 acinorum
1449 791 1551 823 non
1568 775 1801 840 premitur

381 850 443 900 ab
465 851 636 900 arbore
663 862 710 900 et
739 853 838 899 vini
859 853 1077 901 defluunt
1093 853 1256 915 undae3
1289 853 1576 901 hauriuntur
1598 852 1795 915 salerna,

380 946 493 976 cum
513 930 563 976 in
585 929 811 977 torculari
842 946 943 977 non
979 940 1239 978 cernuntur
1277 931 1532 996 impressa3
1556 930 1665 978 vitis
1687 946 1798 980 ecce

380 1021 479 1053 non
509 1006 734 1071 aspicitur
765 1016 813 1053 et
837 1007 1011 1071 pocula
1037 1007 1166 1071 large
1193 1009 1510 1073 complentur.
1557 1007 1651 1054 Sed
1681 1007 1797 1073 quid

378 1083 604 1147 inquam?
624 1099 724 1130 non
751 1083 881 1131 enim
898 1083 1030 1131 deest
1052 1083 1272 1132 fidelibus
1294 1086 1442 1133 virtus
1468 1085 1550 1133 illa
1577 1085 1792 1134 coelestis.

379 1161 499 1207 Nam
530 1160 614 1224 qui
651 1159 900 1224 quondam
930 1161 981 1207 in
1009 1161 1185 1226 nuptiis
1213 1161 1273 1208 de
1295 1162 1430 1226 aquis
1450 1161 1663 1226 praestitit
1685 1162 1797 1212 vina

377 1253 506 1284 nunc
544 1237 639 1284 suis
675 1237 845 1285 eadem
879 1238 1009 1301 large
1040 1238 1241 1303 porrigit
1268 1239 1370 1286 sine
1402 1238 1544 1286 ullius
1575 1239 1796 1287 elementi

376 1324 569 1376 natura;
599 1325 646 1363 et
668 1316 751 1380 qui
775 1316 973 1379 geminis
994 1315 1204 1381 piscibus
1227 1317 1438 1383 quinque
1468 1317 1619 1366 millia
1637 1317 1798 1365 homi-

375 1408 495 1439 num
525 1392 709 1440 satiavit
736 1410 868 1441 nunc
897 1393 1039 1441 bonae
1064 1393 1298 1442 voluntati
1327 1394 1639 1461 multiplicata
1667 1394 1797 1442 resti-

375 1470 480 1517 tuit.
504 1473 558 1517 In
583 1471 731 1536 ipsius
754 1472 886 1519 enim
911 1481 1042 1519 ortus
1056 1482 1273 1538 tempore
1291 1473 1504 1537 angelica
1519 1489 1612 1520 vox
1629 1481 1796 1520 testata

374 1557 467 1608 est,
495 1547 660 1597 dicens
684 1568 695 1596 z
721 1549 887 1598 Gloria
922 1551 974 1596 in
1004 1549 1203 1613 excelse&
1234 1554 1352 1611 Deo,
1379 1552 1503 1598 etin
1536 1561 1666 1598 terra
1687 1566 1794 1615 pax

372 1624 638 1673 hominibus
662 1625 792 1674 bonae
813 1627 1104 1675 voluntatis&
1126 1626 1221 1676 Sed
1235 1627 1337 1692 jam
1358 1627 1423 1676 ad
1440 1627 1683 1693 sequentia
1702 1627 1795 1675 vir-

373 1711 529 1750 tutum
550 1719 698 1769 opera
713 1705 975 1752 veniamus.

907 1846 1064 1881 CAPUT
1087 1845 1260 1883 XXXVI.

725 1935 778 1968 De
794 1941 978 1968 contracto
995 1934 1033 1967 in
1054 1932 1181 1968 eodem
1196 1933 1278 1968 loco
1296 1941 1434 1970 sanato.

435 2023 653 2072 Serviens
676 2024 889 2088 ejusdem
917 2025 1193 2072 monasterii
1219 2024 1302 2072 diu
1335 2034 1606 2072 contractus
1638 2024 1790 2073 infeli·

370 2101 485 2148 citer
516 2101 810 2150 trahebatur.
852 2102 1117 2150 Adveniens
1152 2111 1314 2150 autem
1354 2101 1416 2150 ad
1451 2102 1606 2167 ipsam
1640 2103 1791 2151 sancti

367 2177 613 2228 basilicam
649 2180 832 2243 vigilias
869 2179 1094 2228 celebrat.
1136 2179 1322 2239 Quibus
1367 2179 1563 2245 expletis
1582 2216 1595 2241 ‚
1646 2195 1788 2228 mane

366 2256 485 2304 dum
515 2257 578 2305 ad
614 2267 813 2306 stratum
843 2275 982 2305 suum
1020 2257 1299 2321 regreditur,
1338 2257 1462 2305 inter
1493 2256 1788 2322 portantium

365 2350 537 2382 manus
559 2334 777 2383 resolutis
796 2344 988 2383 sanatus
1012 2345 1083 2383 est
1101 2334 1272 2382 nervis.
1646 2353 1650 2355 ·

418 2504 470 2548 (1)
490 2505 570 2540 Luc
587 2493 736 2548 11414.

1835 1322 1866 1336 Q
