2002 3418
383 325 458 366 272
784 330 847 367 DE
878 330 1064 368 GLORIA
1095 329 1385 368 MARTYRUM,

385 417 553 479 gione3
575 418 675 482 qui,
698 435 808 464 cum
829 419 977 466 multa
995 419 1227 466 beneficia
1245 419 1412 466 incolis
1437 427 1619 484 praestet
1634 457 1647 480 ,
1671 419 1787 467 scia-

383 494 486 541 ticis
505 503 663 542 tamen
681 495 832 542 veloci
849 497 1020 543 virtute
1042 495 1272 543 medetur.
1301 499 1419 543 Nam
1442 495 1586 542 fertur
1607 495 1669 544 ab
1693 496 1787 543 hoc

383 582 571 620 sanctus
602 572 768 633 fuisse,
797 572 912 620 dum
939 574 987 620 in
1013 590 1213 638 corpore
1241 583 1361 620 esset
1389 574 1593 637 positus,
1622 573 1788 620 dolore

384 647 614 695 detentus.
645 649 878 712 Denique,
911 667 1020 696 cum
1058 650 1215 696 multis
1233 687 1245 711 ,
1280 659 1333 696 ut
1366 649 1567 696 diximus
1583 687 1595 710 ,
1623 650 1672 695 in
1699 649 1789 696 hac

383 725 654 772 necessitate
672 724 999 772 laborantibus
1015 726 1297 787 mederetur,
1318 725 1513 789 quidam
1527 725 1712 772 Judaeus
1727 724 1788 772 ab

382 802 484 866 ipsa
505 801 773 848 infirmitate
802 813 1045 868 correptus
1063 804 1211 851 sancti
1229 803 1495 864 basilicam,
1518 819 1790 868 quanquam

384 878 570 925 Christo
597 895 696 926 non
722 880 932 927 crederet
948 917 960 941 ,
982 880 1182 927 devotus
1212 890 1370 928 tamen
1401 881 1592 945 expetiit
1607 918 1619 942 ,
1649 897 1791 944 seque

384 955 446 1001 ad
463 956 660 1018 januam
681 957 786 1002 atrii
810 957 988 1021 deponi
1019 958 1295 1022 praecipiens
1309 996 1322 1019 ,
1351 958 1600 1021 indignum
1623 974 1671 1004 se
1693 973 1791 1004 esse

384 1033 647 1081 vociferans
680 1034 763 1097 qui
805 1044 1022 1081 sanctum
1060 1036 1205 1082 limen
1252 1036 1586 1099 ingrederetur.
1629 1035 1793 1083 Aiebat

385 1109 512 1155 enim
535 1127 546 1155 :
579 1128 601 1152 α
619 1109 727 1155 Scio
750 1125 827 1155 me
845 1108 1039 1171 quidem
1056 1146 1068 1168 ,
1095 1109 1295 1171 gloriose
1319 1121 1511 1174 martyr,
1535 1111 1649 1174 legis
1668 1110 1793 1157 vela-

385 1186 512 1232 mine
538 1185 828 1232 obcaecatum
841 1222 854 1247 ,
877 1186 954 1232 cui
975 1195 1025 1232 tu
1056 1187 1286 1250 impartiri
1314 1187 1689 1234 misericordiam
1710 1187 1792 1234 de-

386 1261 621 1326 digneris:
649 1262 732 1310 sed
762 1279 891 1309 nunc
925 1262 986 1310 ad
1014 1273 1060 1310 te
1092 1263 1315 1327 confligio
1329 1301 1341 1324 ,
1374 1274 1424 1310 et
1445 1263 1642 1328 supplex
1663 1273 1795 1310 tuam

385 1341 756 1389 misericordiam
793 1358 940 1406 posco
964 1379 976 1403 ,
1024 1351 1075 1388 ut
1091 1378 1104 1403 ,
1146 1358 1310 1389 aversa
1346 1342 1476 1406 prius
1525 1340 1795 1388 infirmitate

386 1434 633 1483 corporea,
656 1419 935 1482 languorem
951 1418 1288 1466 incredulitatis
1307 1419 1493 1466 avellas,
1515 1438 1539 1462 ι»
1564 1420 1672 1483 Haec
1684 1433 1795 1463 cum

387 1505 495 1542 ante
521 1506 707 1560 portam
730 1497 845 1543 aulae
875 1496 1111 1557 fateretur,
1137 1496 1415 1543 adveniente
1446 1505 1585 1542 nocte
1615 1493 1793 1542 obdor-

388 1572 558 1619 mivit.:
588 1573 672 1619 sed
698 1583 874 1636 martyr
902 1571 1069 1620 beatus
1102 1589 1201 1619 non
1232 1572 1361 1636 longi
1397 1572 1547 1636 spatio
1571 1569 1796 1634 temporis

389 1650 566 1697 distulit
586 1651 810 1697 misereri.
839 1651 1000 1713 Igitur,
1028 1667 1084 1697 ea
1104 1660 1244 1696 nocte
1262 1650 1454 1696 visitans
1471 1657 1697 1712 aegrotum
1712 1663 1797 1711 per

388 1729 627 1776 somnium
646 1765 658 1789 ,
678 1728 815 1792 jussit
832 1728 1050 1775 recedere
1069 1744 1252 1775 sanum.
1275 1728 1329 1773 At
1349 1727 1427 1773 ille
1449 1724 1796 1791 expergefactus

389 1806 528 1853 sentit
547 1822 597 1853 se
614 1805 852 1852 redditum
873 1805 1202 1866 incolumitati,
1217 1804 1548 1867 confessusque
1562 1802 1795 1851 Christum

389 1882 540 1932 filium
576 1884 664 1930 Dei
697 1898 796 1930 esse
832 1883 1114 1930 salvatorem
1143 1882 1338 1942 mundi,
1378 1897 1520 1928 sanus
1553 1879 1791 1927 abscessit.

390 1960 533 2018 Quod
553 1960 764 2007 videntes
797 1959 1063 2021 christiani,
1095 1960 1176 2022 qui
1206 1959 1256 2005 in
1282 1959 1383 2023 ipsa
1410 1957 1692 2004 tenebantur
1724 1956 1795 2002 in·

391 2036 607 2085 firmitate
625 2075 637 2098 ,
687 2038 1008 2100 querimonias
1052 2047 1215 2084 sancto
1267 2035 1474 2083 inferunt
1489 2071 1502 2094 ,
1548 2035 1755 2082 dicentes
1780 2051 1791 2079 ε

395 2135 417 2156 «
444 2117 562 2162 Ecce
583 2130 674 2161 nos
693 2113 817 2161 bene
835 2117 990 2161 Deum
1006 2115 1205 2162 confessi
1230 2114 1436 2161 necdum
1462 2112 1720 2160 meruimus
1741 2111 1796 2157 li-

390 2191 545 2240 berari
559 2230 572 2254 ,
597 2203 643 2239 et
664 2192 934 2240 incredulus
949 2193 1028 2240 hic
1048 2193 1097 2239 in
1117 2192 1357 2240 Christum
1379 2207 1537 2254 regem
1552 2228 1565 2252 ,
1592 2191 1794 2237 circum-

393 2269 513 2316 cisus
528 2285 670 2316 carne
685 2286 785 2318 non
802 2269 964 2331 corde,
980 2286 1121 2318 sanus
1132 2268 1356 2317 abscedit.
1377 2271 1466 2314 »Et
1476 2267 1576 2314 haec
1588 2266 1795 2332 dicentes

393 2363 503 2394 cum
523 2348 593 2394 ira
611 2347 811 2411 lychnos
830 2346 1049 2409 basilicae,
1065 2348 1147 2411 qui
1165 2363 1222 2393 ex
1237 2362 1424 2393 camera
1443 2343 1793 2410 dependebant,

393 2425 715 2471 comminuere
732 2434 991 2489 coeperunt.
1013 2424 1105 2470 Sed
1122 2439 1210 2470 nec
1224 2423 1298 2470 his
1314 2422 1461 2469 defuit
1477 2420 1798 2469 misericordia

394 2502 628 2564 postulata
651 2519 661 2547 ε
685 2517 798 2548 nam
809 2502 912 2565 ipsa
925 2500 1000 2547 die
1016 2500 1163 2547 sanati
1178 2500 1238 2546 ad
1258 2500 1450 2564 propria
1465 2509 1573 2546 sunt
1586 2497 1792 2568 regressi.

394 2655 532 2680 norum
550 2643 834 2695 martyrologia,
850 2655 963 2693 quem
984 2642 1167 2679 Baronius
1179 2671 1188 2688 ‚
1206 2642 1334 2679 nescio
1353 2654 1430 2692 qua
1448 2641 1495 2679 de
1512 2653 1640 2688 causa,
1659 2639 1708 2677 ab
1725 2639 1798 2698 isto

396 2717 510 2755 quem
529 2704 591 2742 hie
608 2704 811 2757 Gregorius
836 2703 965 2742 laudat
993 2703 1199 2755 distinguit.
1228 2703 1350 2742 Graeci
1374 2702 1589 2741 Dometium
1603 2731 1614 2749 ,
1633 2714 1699 2739 seu
1719 2704 1797 2739 Do-

397 2766 599 2804 metionem
612 2795 622 2813 ‚
648 2767 689 2804 in
715 2765 880 2817 Phrygia
898 2774 1102 2816 martyrem
1121 2765 1192 2803 sub
1210 2766 1360 2804 Juliano
1378 2768 1581 2817 Apostata,
1606 2762 1798 2802 celebrant

399 2828 459 2868 die
477 2831 526 2867 23
548 2826 685 2867 martii.
707 2829 793 2878 (R.)
