2002 3418
335 327 409 363 3¹0
637 326 703 362 DE
733 326 998 364 MIRACULIS
1026 325 1196 363 SANCTI
1223 324 1433 362 JULIANI.

332 413 541 478 singulos
577 414 626 460 in
664 414 720 460 iis
758 414 1050 478 quiescentes
1088 413 1286 460 invenit.
1324 415 1580 478 Quumque
1621 431 1742 480 ape—

332 488 501 536 ruisset
517 497 564 536 et
585 489 793 548 tertium,
812 488 993 535 invenit
1010 489 1059 534 in
1081 503 1140 534 eo
1156 488 1310 535 virum
1323 486 1575 551 jacentem,
1602 487 1744 536 illaeso

331 579 551 629 corpore,
575 563 760 626 integro
782 563 1080 623 vestimento,
1106 562 1207 626 qui,
1232 561 1391 609 deciso
1414 562 1584 627 capite,
1604 573 1747 628 caput

334 638 576 703 amplexus
610 637 739 686 aliud
783 636 981 685 brachio
1020 635 1270 684 retinebat.
1303 639 1415 683 Erat
1449 637 1578 684 enim
1620 653 1676 684 ac
1708 637 1746 684 si

334 728 486 777 nuper
532 712 740 777 sepultus
761 749 773 774 ‚
813 728 968 776 neque
990 710 1169 776 pallore
1191 710 1326 758 faciei
1350 710 1635 772 demutatus,
1669 727 1748 758 ne·-

335 803 428 850 que
463 787 744 852 capillorum
784 786 1023 834 decisione
1063 796 1294 851 turpatus,
1333 801 1488 849 neque
1528 786 1625 833 ulla
1663 803 1748 851 pu-

334 860 516 909 tredine
552 862 783 908 resolutus
797 898 809 922 ,
854 861 938 907 sed
975 861 1041 908 ita
1078 860 1258 924 integer
1294 870 1341 907 et
1370 860 1537 907 illaesus
1583 870 1635 907 ut
1662 878 1749 926 pu-

337 945 459 983 tares
506 951 617 983 eum
669 935 828 983 adhuc
871 951 1042 999 sopore
1089 951 1321 1000 corporeo
1362 935 1578 1005 detineri.
1618 939 1749 983 Tunc

336 1009 528 1055 antistes
564 1008 738 1071 gaudio
776 1023 951 1071 magno
988 1009 1193 1073 repletus
1233 1010 1298 1056 ait
1325 1027 1335 1055 :
1379 1029 1403 1053 α
1425 1012 1528 1058 Hoc
1547 1025 1645 1056 esse
1670 1027 1747 1059 ca-

341 1100 364 1126 «
394 1080 539 1129 daver
560 1083 794 1143 Ferreoli,
833 1082 931 1129 hoc
951 1099 1050 1130 esse
1071 1092 1214 1148 caput
1231 1084 1403 1132 Juliani
1425 1085 1640 1149 martyris
1664 1085 1749 1132 du·

342 1176 365 1199 «
392 1156 527 1203 bium
556 1173 655 1204 non
688 1156 908 1204 habetur.
934 1176 956 1199 2>
983 1159 1114 1203 Tunc
1136 1173 1246 1203 cum
1280 1173 1454 1220 magno
1479 1159 1745 1222 psallenti0‚

338 1230 594 1295 plaudente
615 1231 815 1296 populo,
833 1231 883 1277 in
904 1231 1014 1277 loco
1029 1230 1114 1277 ubi
1137 1247 1266 1277 nunc
1283 1230 1524 1292 adoratur,
1541 1233 1750 1279 Domino

339 1314 598 1365 annuente,
622 1305 912 1370 perducitur.
939 1323 963 1349 »
990 1307 1099 1351 Haec
1122 1313 1298 1365 autem,
1323 1314 1376 1351 ut
1398 1305 1460 1353 ad
1481 1306 1750 1370 sepulcrum

339 1383 556 1446 martyris
578 1382 638 1430 ab
659 1383 763 1448 ipso
785 1381 960 1429 aedituo
983 1382 1207 1445 cognovi,
1228 1381 1428 1430 fideliter
1451 1385 1604 1432 retuli.
1631 1387 1750 1433 Prae·

338 1456 421 1505 bet
461 1468 620 1506 tamen
661 1459 775 1505 huic
809 1458 943 1522 operi
974 1458 1300 1505 testimonium
1339 1458 1528 1506 Sollius¹
1569 1470 1747 1522 noster,

337 1534 427 1599 ipsi
449 1535 678 1581 Mamerto
696 1532 906 1580 scribens
937 1532 1012 1579 his
1032 1531 1188 1579 'verbis
1209 1549 1220 1580 :
1252 1554 1274 1576 α
1297 1532 1399 1580 Tibi
1419 1534 1506 1581 soli
1528 1551 1751 1584 concessa

339 1618 409 1655 est
438 1609 487 1655 in
511 1608 725 1673 partibus
757 1607 887 1655 orbis
910 1606 1097 1654 occidui
1119 1608 1338 1671 martyris
1366 1609 1571 1656 Ferreoli
1599 1609 1751 1658 solida

336 1683 577 1731 translatio
600 1720 614 1744 ,
662 1682 848 1747 adjecto
884 1683 1032 1730 nostri
1070 1685 1222 1747 capite
1249 1683 1419 1730 Juliani
1450 1701 1460 1729 :
1502 1684 1629 1731 unde
1659 1702 1748 1750 pro

336 1758 724 1822 compensatione
742 1757 1045 1822 deposcimus
1079 1767 1130 1804 ut
1161 1756 1301 1805 nobis
1329 1757 1442 1804 inde
1468 1759 1625 1806 veniat
1640 1775 1748 1823 pars

334 1832 602 1896 patrocinii,
631 1832 744 1895 quia
772 1831 909 1879 vobis
941 1831 1055 1878 hinc
1091 1831 1229 1879 rediit
1250 1847 1360 1896 pars
1383 1833 1586 1896 patroni.
1609 1853 1631 1876 »

910 1969 1066 2004 CAPUT
1090 1969 1161 2003 111.

599 2063 651 2097 De
666 2060 796 2095 virtute
811 2058 934 2103 fontis,
955 2059 1018 2093 ubi
1034 2067 1139 2106 caput
1155 2060 1230 2107 ejus
1245 2059 1407 2093 ablutum
1422 2067 1484 2095 est.

397 2155 450 2199 In
466 2153 575 2200 loco
596 2162 756 2200 autem
774 2151 873 2212 illo,
898 2167 995 2214 quo
1011 2149 1178 2198 beatus
1198 2160 1376 2214 martyr
1394 2166 1642 2214 percussus
1657 2155 1743 2212 est,

331 2226 438 2274 fons
456 2226 661 2275 habetur
681 2225 979 2291 splendidus,
1008 2225 1143 2284 lenis,
1170 2223 1388 2271 dulcibus
1409 2224 1543 2287 aquis
1571 2223 1749 2272 uberri-.

333 2318 438 2348 mus
453 2339 465 2363 ‚
499 2302 549 2349 in
580 2318 677 2365 quo
714 2311 760 2347 et
792 2316 820 2348 a
853 2299 1234 2365 persecutoribus
1266 2308 1408 2364 caput
1450 2308 1746 2364 amputatum

330 2374 546 2423 ablutum
568 2385 659 2434 est;
683 2375 743 2423 de
763 2374 937 2438 quibus
959 2374 1093 2438 aquis
1111 2374 1269 2420 multae
1288 2373 1508 2421 sanitates
1528 2372 1746 2420 tribuun-
1803 2430 1808 2436 ι

328 2459 405 2494 tur
427 2448 642 2496 infirmis.
665 2452 784 2496 Nam
800 2465 922 2513 saepe
941 2463 1175 2495 caecorum
1195 2447 1322 2494 oculi
1341 2446 1402 2494 ab
1421 2447 1496 2494 his
1511 2448 1622 2495 tacti
1641 2447 1746 2494 illu-

376 2625 431 2672 (1)
448 2623 558 2662 Gem.
574 2653 585 2671 ,
620 2623 825 2674 mendose,
852 2625 1018 2662 Solilius.
1039 2624 1078 2661 Is
1096 2622 1198 2662 enim
1222 2632 1279 2662 est
1303 2623 1414 2662 Caius
1437 2623 1575 2663 Sollius
1595 2622 1743 2675 Apolli-

321 2685 423 2724 naris
442 2685 634 2733 Sidonius,
653 2686 719 2737 qui
736 2685 855 2724 verba
865 2685 928 2723 hic
947 2685 1065 2724 relata
1077 2685 1196 2735 habet
1216 2686 1326 2738 epist.
1348 2701 1364 2724 1
1381 2685 1469 2726 libri
1477 2687 1563 2725 vn.
1582 2688 1641 2724 De
1658 2687 1743 2724 Ma-

322 2755 445 2785 merto
469 2747 572 2794 wide,
596 2761 726 2799 supra,
750 2748 848 2786 Hist.
869 2747 937 2787 lib.
958 2750 1011 2794 11,
1032 2761 1118 2800 cap.
1140 2762 1274 2795 xxxiv,
1297 2757 1334 2787 et
1351 2748 1454 2787 Aviti
1474 2747 1669 2786 homiliam
1685 2749 1743 2786 De

320 2809 619 2865 Rogationibu52
636 2819 710 2849 etc.
725 2814 783 2848 De
803 2810 937 2849 eodem
953 2811 1064 2863 plura
1084 2811 1321 2851 Bollandiani
1339 2811 1401 2850 die
1419 2813 1465 2851 u
1491 2810 1593 2850 maii.
1610 2813 1692 2859 (R.)
