2002 3418
410 344 486 380 300
804 345 870 380 DE
899 344 1083 382 GLORIA
1114 346 1391 382 MARTYRUM
1398 374 1406 383 .

407 433 566 481 culum
599 436 766 499 poscit.
798 438 906 492 Quo
935 445 1153 500 accepto,
1194 452 1356 483 musca
1383 436 1697 501 importunior
1723 437 1812 484 cir-

407 512 682 559 cumvolans
712 513 958 576 inquinare
981 513 1205 577 poculum
1238 513 1488 562 nitebatur.
1521 516 1675 572 Quam
1705 532 1813 562 cum

407 591 573 655 saepius
596 607 743 639 manu
767 591 1011 656 presbyter
1046 590 1275 655 abegisset
1303 602 1351 639 et
1374 592 1453 639 illa
1481 591 1726 656 paululum
1765 609 1813 640 se

406 668 595 716 elevans
626 685 786 716 rursus
815 669 983 716 reverti
1020 669 1263 731 niteretur,
1306 669 1449 716 sensit
1471 685 1569 716 esse
1597 669 1814 732 insidiam

404 745 609 806 inimici,
637 755 947 812 susceptoque
968 746 1084 794 laeva
1106 747 1298 811 poculo,
1333 745 1394 793 de
1419 746 1609 794 dextera
1629 747 1815 809 signum

407 824 558 871 crucis
592 823 728 871 facit:
773 840 882 872 mox
927 825 976 872 in
1011 835 1216 889 quatuor
1255 824 1430 871 divisus
1466 834 1622 889 partes
1659 825 1817 888 liquor

406 902 489 963 qui
517 901 691 962 inerat,
714 901 894 949 elevata
915 902 963 948 in
989 902 1171 949 excelso
1191 901 1336 961 unda,
1361 911 1494 948 terrae
1518 900 1811 948 diffunditur.

407 978 561 1024 Patuit
584 993 789 1042 namque
814 978 1185 1026 manifestissime
1206 979 1301 1026 hoc
1323 978 1541 1025 insidiam
1567 978 1705 1025 fuisse
1727 978 1816 1025 ini-

406 1054 532 1101 mici.
563 1056 686 1117 Ergo
709 1063 756 1101 et
772 1064 825 1101 tu
848 1091 860 1115 ‚
888 1055 926 1101 si
950 1055 1143 1102 viriliter
1159 1065 1206 1102 et
1229 1071 1328 1103 non
1359 1055 1516 1120 tepide
1539 1056 1725 1119 signum
1745 1055 1817 1103 vel

405 1131 566 1193 fronti,
601 1133 675 1179 vel
693 1132 877 1196 pectori
897 1132 1098 1179 salutare
1121 1149 1431 1198 superponaS,
1455 1141 1571 1180 tunc
1602 1133 1817 1181 resisten-

406 1208 471 1256 do
500 1209 623 1256 vitiis
653 1219 830 1274 martyr
848 1209 1133 1270 habeberis,
1174 1210 1287 1274 quia
1315 1218 1362 1256 et
1391 1209 1480 1273 ipsi
1503 1219 1732 1273 martyres
1763 1227 1819 1258 ea

406 1302 511 1350 quae
531 1287 768 1349 vicerunt,
795 1304 894 1334 non
920 1288 1015 1335 suis
1038 1287 1217 1335 viribus
1236 1324 1248 1349 ,
1278 1286 1361 1334 sed
1384 1286 1471 1334 Dei
1494 1285 1595 1333 haec
1617 1287 1814 1348 auxiliis,

406 1381 492 1430 per
525 1365 819 1429 signaculum
859 1365 1011 1413 crucis
1050 1365 1378 1429 gloriosissime
1424 1373 1730 1429 peregerunt,
1770 1365 1819 1411 in

407 1442 580 1506 quibus
597 1481 609 1505 ‚
651 1454 704 1491 ut
739 1460 859 1509 saepe
885 1443 1088 1491 diximus
1104 1481 1116 1504 ‚
1151 1444 1249 1508 ipse
1283 1442 1516 1490 Dominus
1548 1451 1596 1489 et
1629 1441 1822 1489 dimicat

407 1531 453 1568 et
487 1521 762 1587 triumphat.
792 1519 929 1568 Unde
960 1530 1147 1586 oportet
1173 1531 1219 1567 et
1252 1537 1339 1567 nos
1368 1535 1534 1574 eorum
1560 1519 1822 1585 patrocinia

407 1609 623 1662 expetere
646 1609 699 1645 ut
720 1615 888 1646 eorum
919 1614 1183 1647 mereamur
1215 1597 1443 1661 suffragiis
1482 1596 1719 1661 adjuvari,
1747 1596 1821 1643 vel

408 1675 539 1741 quod
598 1677 767 1723 nostris
815 1676 946 1740 digni
994 1692 1093 1723 non
1157 1691 1319 1723 sumus
1377 1674 1552 1721 meritis
1608 1672 1821 1721 obtinere

408 1769 576 1801 eorum
609 1754 842 1818 possimus
877 1751 1290 1801 intercessionibus
1323 1750 1548 1816 adipisci,
1584 1760 1653 1812 ut,
1686 1749 1822 1813 adju-

407 1832 531 1878 torio
563 1841 751 1880 sacratae
785 1833 1020 1879 Trinitatis
1042 1832 1138 1892 usi,
1171 1830 1294 1878 effici
1315 1845 1580 1877 mereamur
1597 1838 1823 1893 martyres

410 1907 579 1954 Christi
598 1944 610 1967 ‚
630 1907 900 1955 carnalibus
920 1905 1163 1955 desideriis
1192 1906 1419 1953 abdicatis
1434 1943 1447 1966 ‚
1474 1914 1526 1952 ut
1548 1904 1664 1952 dicit
1693 1905 1818 1970 ipse,

409 1984 492 2048 qui
527 2001 615 2050 pro
640 2001 688 2032 se
712 1983 911 2032 fideliter
933 1984 1211 2032 dimicantes
1231 1982 1469 2048 lapidibus
1497 1983 1712 2048 pretiosis
1748 1998 1825 2030 co-

410 2071 550 2109 ronat
579 2063 627 2109 in
660 2063 799 2125 coelo,
833 2063 1052 2110 alumnos
1090 2062 1388 2124 cultoresque
1420 2061 1684 2108 amicorum
1714 2076 1824 2107 suo-

410 2157 518 2187 rum
536 2150 781 2205 protegere
812 2140 1033 2204 dignatur
1054 2141 1103 2188 in
1135 2140 1333 2199 saeculo3
1365 2155 1420 2187 ac
1453 2148 1638 2204 praestet
1666 2148 1718 2186 ut
1752 2155 1823 2186 as-

411 2218 575 2266 sistant
602 2228 831 2283 martyres
858 2219 1064 2266 invocati
1095 2233 1124 2266 a
1145 2219 1240 2266 suis
1260 2255 1273 2279 ‚
1300 2232 1421 2281 quos
1449 2226 1558 2281 post
1579 2216 1825 2264 victoriam

410 2297 657 2362 paradisus
687 2296 993 2345 beatitudinis
1019 2297 1190 2344 retinet
1206 2294 1495 2343 immortales
1508 2311 1522 2352 3
1552 2302 1628 2355 ut,
1662 2293 1711 2340 in
1742 2293 1824 2340 illo

411 2376 768 2425 examinationis
797 2386 1010 2442 tempore
1027 2412 1040 2438 ‚
1073 2389 1182 2423 cum
1219 2373 1325 2422 illos
1353 2372 1502 2436 gloria
1531 2380 1702 2419 aeterna
1735 2371 1825 2418 cir-

412 2454 629 2515 cumdat,
665 2470 754 2502 nos
783 2464 864 2502 aut
892 2461 1081 2501 excuset
1119 2450 1364 2499 mediatrix
1396 2450 1558 2510 venia,
1595 2458 1676 2497 aut
1712 2448 1827 2496 levis

412 2549 555 2596 poena
580 2542 900 2598 pertranseat;
935 2547 1024 2579 nec
1055 2529 1249 2580 damnet
1264 2544 1370 2576 reos
1404 2544 1492 2594 pro
1522 2526 1730 2574 criminis
1755 2542 1828 2573 ac·

414 2610 543 2657 tione
589 2612 639 2658 in
682 2619 987 2676 perpetuum,
1024 2624 1146 2671 quos
1179 2607 1371 2672 pretiosi
1418 2605 1657 2668 sanguinis
1699 2621 1827 2652 com-

414 2688 589 2734 mercio
611 2689 859 2753 reparavit.

1051 2796 1187 2840 marr.
