2002 3418
401 328 477 366 128
805 330 870 365 DE
902 329 1091 367 GLORIA
1118 329 1417 367 MARTYRUM.

399 427 578 478 terum,
603 417 686 480 qui
701 455 713 478 ,
739 416 905 464 abiens
929 434 1039 464 cum
1070 418 1158 465 Dei
1184 418 1358 481 gratia,
1393 432 1498 480 quae
1523 416 1722 482 petierat
1743 415 1825 464 de-

399 494 522 541 tuJit.
552 496 895 558 Regressusque
926 511 1035 542 cum
1066 495 1228 557 sociis,
1253 495 1304 541 in
1333 494 1502 558 quinto
1533 492 1595 541 ab
1617 494 1823 541 Arverna

400 570 521 618 urbe
552 571 772 619 milliario
807 581 1117 633 revertentes,
1152 581 1380 619 metatum
1402 570 1668 635 accipiunt,
1698 579 1745 617 ct
1763 569 1827 618 ad

399 649 679 715 episcopum
714 650 884 697 missos
918 649 1127 713 dirigunt
1159 660 1213 696 ut
1242 650 1309 696 eis
1348 648 1465 712 quid
1498 658 1640 711 agant
1661 646 1827 711 jubeat

400 727 639 775 ordinare.
667 730 807 774 Mane
826 737 985 774 autem
1003 727 1145 789 facto,
1170 726 1408 788 sacerdos,
1436 725 1691 773 admonitis
1717 724 1827 772 civi-

398 803 491 851 bus
510 843 522 866 ,
547 822 659 852 cum
693 803 914 851 crucibus
942 815 989 851 et
1020 806 1167 852 cereis
1190 805 1252 852 ad
1271 820 1526 851 occursum
1555 812 1826 851 sanctarum

399 883 707 947 reliquiarum
745 883 1074 930 devotissimus
1109 893 1349 949 properat.
1383 885 1598 946 Cumque
1627 881 1671 928 ei
1700 896 1828 946 pres-

398 959 538 1025 byter
560 961 753 1009 offerret
772 971 826 1008 ut
847 960 1011 1009 beatas
1036 962 1258 1026 reliquias
1282 961 1526 1027 aspiceret,
1558 960 1597 1007 si
1610 957 1822 1023 juberet,

401 1048 457 1090 et
478 1039 556 1085 ille
585 1057 596 1085 ι
630 1059 652 1082 «
683 1038 818 1100 Mihi,
845 1039 1020 1102 inquit,
1042 1039 1190 1101 magis
1220 1049 1290 1086 est
1323 1039 1425 1086 haec
1457 1036 1649 1085 credere
1681 1051 1825 1099 quam

402 1115 586 1177 videre3
639 1116 706 1163 sic
749 1116 879 1163 enim
915 1117 964 1162 in
996 1117 1249 1181 Scripturis
1277 1117 1477 1180 legimus
1509 1114 1681 1163 sanctis
1714 1113 1827 1177 quia

400 1193 503 1258 ipse
528 1194 765 1240 Dominus
799 1192 967 1241 beatos
1002 1193 1107 1241 illos
1132 1184 1346 1258 judicat,
1378 1194 1458 1258 qui
1495 1193 1548 1239 in
1578 1209 1690 1240 eum
1717 1206 1827 1238 cum

402 1288 502 1318 non
522 1271 730 1319 viderint
749 1271 1100 1319 credidissent¹.
1120 1291 1143 1315 »
1161 1274 1260 1319 Hac
1279 1271 1437 1335 itaque
1459 1269 1716 1318 sacerdotis
1734 1266 1828 1314 fide

401 1349 635 1414 pollente,
671 1349 908 1396 Dominus
941 1358 1129 1397 sanctos
1157 1366 1269 1397 suos
1300 1347 1531 1412 glorificat
1559 1347 1611 1394 in
1636 1346 1826 1393 virtute.

404 1430 541 1489 Nam,
564 1427 866 1476 venientibus
889 1428 1006 1490 illis,
1033 1428 1192 1475 subito
1217 1427 1614 1475 contenebratum
1638 1435 1707 1473 est
1735 1440 1829 1471 coe-

402 1505 529 1562 lum;
559 1517 605 1553 et
629 1523 739 1553 ecce
763 1507 918 1554 imber
946 1506 1202 1554 umbrosus
1227 1516 1370 1571 atque
1392 1505 1659 1552 teterrimus
1689 1519 1831 1568 super

404 1600 486 1630 eos
517 1584 784 1647 descendit,
827 1596 874 1633 et
907 1595 1039 1633 tanta
1066 1586 1230 1650 pluvia
1267 1584 1447 1632 ibidem
1477 1592 1547 1631 est
1581 1582 1751 1629 diffusa
1777 1592 1829 1628 ut

406 1661 602 1709 flumina
641 1679 727 1727 per
763 1663 863 1710 vias
903 1663 1005 1710 illas
1041 1680 1230 1710 currere
1267 1671 1589 1710 cernerentur.
1628 1663 1829 1707 Verum-

405 1748 565 1787 tamen
600 1741 726 1788 circa
754 1750 917 1788 sancta
942 1741 1142 1805 pignora
1164 1758 1250 1806 per
1272 1756 1424 1787 unum
1451 1739 1590 1786 valde
1609 1738 1830 1801 jugerum

405 1834 562 1882 neque
583 1835 681 1866 una
701 1829 831 1882 gutta
848 1820 948 1867 visa
966 1829 1035 1866 est
1051 1819 1291 1866 cecidisse.
1316 1822 1390 1879 Et,
1413 1816 1700 1865 abeuntibus
1720 1816 1826 1876 illis,

406 1895 568 1959 pluvia
587 1912 669 1943 eos
687 1912 716 1943 a
737 1897 902 1960 longe,
935 1897 1069 1960 quasi
1091 1895 1309 1961 praebens
1330 1895 1639 1958 obsequium,
1668 1909 1833 1956 seque·

406 1971 564 2035 batur,
602 1974 837 2039 populum
869 1975 1035 2022 fovens
1051 2012 1063 2035 ,
1100 1983 1354 2037 gestatores
1383 1982 1543 2021 autem
1575 1972 1833 2038 pignorum

408 2069 509 2099 non
532 2054 783 2116 attingens.
812 2056 921 2100 Haec
945 2053 1112 2101 videns
1140 2052 1352 2118 pontifex
1381 2050 1701 2114 magnificavit
1738 2051 1834 2095 Do-

409 2130 595 2177 minum
610 2168 622 2192 ,
657 2130 762 2194 qui,
789 2129 902 2177 fidei
922 2147 1015 2177 suae
1036 2130 1102 2177 sic
1125 2130 1310 2191 favens,
1335 2129 1447 2176 talia
1476 2128 1538 2176 ad
1560 2135 1833 2175 sanctorum

411 2208 611 2272 gloriam
630 2209 818 2274 operari
840 2209 1061 2273 dignatus
1080 2219 1165 2256 est.
1189 2207 1494 2271 Congregatis
1504 2222 1619 2254 vero
1632 2203 1831 2264 civibus,

411 2303 521 2334 cum
545 2304 720 2351 magno
748 2287 922 2351 gaudio
949 2297 1091 2350 atque
1123 2285 1402 2346 devotione,
1439 2294 1652 2332 sanctam
1685 2281 1834 2330 eccle-

411 2366 528 2412 siam
550 2366 626 2413 his
648 2367 928 2414 illustratam
949 2364 1229 2430 pignoribus
1252 2363 1504 2412 dedicavit.

467 2565 523 2618 (1)
544 2566 730 2614 Johann.‚
751 2579 818 2614 xx,
839 2568 905 2605 29.
