2002 3418
443 330 466 366 4
559 361 562 365 .
839 330 905 366 DE
933 328 1121 367 GLORIA
1148 328 1442 366 MARTYRUM.

438 415 541 463 haec
565 415 798 463 lecturum
811 453 824 478 ,
863 433 1020 480 neque
1052 418 1175 465 ultra
1197 426 1507 464 tractaturum
1520 453 1533 478 ‚
1559 416 1649 465 nisi
1670 432 1727 464 ea
1748 432 1853 481 quae

439 495 542 540 Deo
574 492 718 557 digna
753 503 800 540 et
833 493 897 541 ad
933 494 1149 542 Ecclesiae
1185 492 1548 542 aedificationem
1581 505 1853 559 opportuna

431 569 759 634 judicarentur
780 574 809 618 ¹.
847 571 941 618 Sed
974 581 1021 618 et
1052 571 1223 618 Paulus
1262 571 1529 636 apostolus,
1575 573 1690 632 Qaae
1712 574 1853 636 pacis

431 660 566 711 sunt,
593 649 772 714 inquit,
797 659 1047 709 sectemur,
1069 659 1117 694 et
1136 663 1238 712 qaoe
1263 647 1330 694 ad
1347 647 1711 713 aedificationem
1734 650 1851 696 invi-

431 743 534 773 cem
557 725 923 773 castodc‘amas².
962 728 1018 772 Et
1048 725 1162 773 alibi
1188 743 1199 771 z
1226 727 1395 773 Omnis
1421 743 1577 773 sermo
1606 725 1762 773 malas
1788 744 1852 773 ex

430 822 513 852 ore
535 816 683 852 vestro
707 822 802 851 non
814 803 1048 869 procedat
1054 823 1073 862 ,-
1096 803 1183 850 sed
1202 805 1249 850 si
1269 805 1373 869 quis
1396 803 1543 850 bonus
1560 803 1630 851 ad
1644 803 1853 869 aedefica-

428 883 628 942 tc‘onem‚
667 894 722 930 ut
748 882 827 930 det
853 883 1065 948 gratiam
1095 881 1393 928 audientibus
1407 884 1436 928 ³.
1478 885 1602 946 Ergo
1630 881 1733 929 haec
1762 898 1852 929 nos

427 970 618 1025 oportet
640 961 798 1024 sequi,
824 959 1029 1008 scribere
1047 969 1188 1024 atque
1206 960 1341 1023 loqui
1365 976 1471 1024 quae
1497 960 1742 1008 ecclesiam
1763 960 1851 1007 Dei

424 1036 683 1100 aedificent,
710 1049 755 1085 et
781 1055 885 1102 quae
914 1048 1097 1086 mentes
1123 1038 1290 1103 inopes
1311 1038 1374 1086 ad
1395 1039 1613 1086 notitiam
1635 1038 1852 1104 perfectae

424 1113 536 1161 fidei
557 1115 870 1163 instructione
891 1125 1055 1163 sancta
1077 1115 1350 1163 fecundent.
1379 1118 1484 1163 Non
1509 1117 1640 1164 enim
1663 1126 1851 1181 oportet

423 1191 611 1240 fallaces
631 1209 1009 1242 commemorare
1032 1193 1243 1257 fabulas,
1269 1211 1425 1259 neque
1448 1194 1849 1259 philosophorum

421 1269 666 1319 inimicam
681 1274 784 1318 Deo
802 1272 1083 1336 sapientiam
1102 1272 1253 1337 sequi,
1274 1288 1335 1319 ne
1353 1271 1403 1318 in
1414 1271 1648 1335 judicium
1667 1282 1850 1320 aeternae

422 1349 590 1395 mortis
619 1350 831 1396 Domino
862 1349 1161 1396 discernente
1189 1348 1432 1396 cadamus.
1469 1348 1614 1408 Quod
1636 1365 1724 1412 ego
1746 1365 1848 1397 me-

419 1435 576 1488 tuens,
598 1435 645 1473 et
660 1426 820 1490 aliqua
836 1425 897 1474 de
921 1435 1197 1473 sanctorum
1216 1427 1471 1487 miraculis,
1494 1443 1599 1490 quae
1617 1427 1848 1474 hactenus

419 1503 684 1565 latuerunt,
709 1504 920 1569 pandere
940 1503 1238 1565 desiderans,
1264 1520 1364 1551 non
1392 1521 1470 1551 me
1494 1505 1548 1551 iis
1573 1505 1752 1553 retibus
1771 1506 1846 1553 vel

419 1581 586 1628 vinciri
613 1582 776 1646 cupio,
803 1581 876 1628 vel
912 1581 1094 1628 involvi
1108 1583 1137 1627 ⁴.
1175 1584 1282 1628 Non
1312 1597 1401 1645 ego
1435 1583 1624 1629 Saturni
1657 1582 1841 1645 fugam,

419 1675 520 1706 non
553 1659 753 1706 Junonis
782 1659 930 1722 iram,
971 1675 1072 1706 non
1103 1659 1233 1706 Jovis
1267 1669 1458 1724 stupra,
1500 1676 1601 1707 non
1639 1662 1844 1726 Neptuni

418 1736 669 1799 injuriam,
695 1752 795 1783 non
819 1736 945 1783 AEoli
963 1746 1169 1801 sceptra3
1197 1752 1298 1783 non
1322 1735 1536 1784 AEneada
1554 1735 1705 1799 bella,
1730 1755 1845 1785 nau-

420 1812 567 1877 fragia
586 1850 599 1876 ,
627 1814 703 1861 vel
724 1830 871 1878 regna
893 1829 1223 1861 commemoro
1247 1830 1258 1860 z
1285 1823 1420 1861 taceo
1441 1814 1688 1879 Cupidinis
1709 1815 1845 1862 emis-

420 1891 656 1953 sionem⁶3
690 1908 792 1939 non
815 1891 1031 1940 Ascanii⁶
1055 1882 1390 1954 dilectionem,
1426 1892 1795 1956 hymenaeosque
1809 1894 1839 1954 ⁷,

418 1970 670 2035 lacrymas,
691 1971 766 2019 vel
788 1970 927 2018 exitia
948 1986 1070 2019 saeva
1093 1971 1295 2019 Didonis
1316 1988 1327 2016 z
1350 1986 1452 2018 non
1477 1971 1690 2018 Plutonis
1712 1970 1843 2018 triste

420 2049 731 2112 vestibulum,
757 2065 858 2096 non
881 2050 1175 2114 Proserpinae
1204 2059 1476 2114 stuprosum
1502 2060 1714 2116 raptum,
1741 2066 1842 2098 non

422 2126 611 2174 Cerberi
631 2127 846 2175 triforme
867 2137 1012 2192 caput
1031 2144 1043 2174 :
1064 2143 1165 2175 non
1187 2127 1432 2175 revolvam
1458 2128 1703 2189 Anchisae⁸
1739 2128 1846 2175 col-'

419 2204 598 2267 loquia,
626 2221 727 2253 non
753 2205 900 2252 Ithaci
922 2205 1129 2268 ingenia,
1159 2221 1258 2252 non
1278 2205 1470 2252 Achfflis
1492 2206 1714 2268 argutias,
1740 2222 1840 2253 non

420 2283 611 2330 Sinonis
634 2284 870 2331 fallacias:
894 2300 995 2330 non
1019 2300 1108 2347 ego
1140 2284 1455 2330 Laocoontis⁹
1487 2284 1707 2346 consilia,
1740 2300 1840 2332 non

419 2362 826 2427 Amphitryonidis
850 2361 1051 2423 robora,
1087 2378 1188 2409 non
1222 2362 1328 2409 Jani
1363 2362 1635 2425 conflictus,
1678 2363 1836 2427 fugaS,

415 2441 491 2487 vel
513 2440 700 2489 obitum
721 2441 956 2489 exitialem
977 2439 1242 2504 proferam;
1267 2456 1368 2488 non
1390 2441 1734 2502 Eumenidum,
1760 2457 1841 2490 va·

466 2662 521 2709 (1)
544 2663 629 2698 Hoc
658 2660 784 2712 ipsum
814 2668 946 2698 narrat
963 2659 1221 2710 Hieronymus
1250 2658 1290 2697 in
1317 2658 1478 2711 epistola
1499 2658 1550 2697 ad
1571 2658 1834 2698 Eustochium.

412 2722 687 2773 (Ruin.)—(2)
703 2726 817 2760 Rom.
839 2735 924 2768 xiv,
948 2721 1298 2773 19.--(3),Ephes.
1320 2734 1375 2769 iv,
1398 2723 1592 2771 29.—(4)
1608 2720 1680 2759 Hic
1699 2720 1836 2760 desinit

411 2786 594 2838 prologus
610 2786 651 2824 in
671 2785 758 2824 cod.
779 2785 880 2824 Clar.
901 2798 938 2823 a.
954 2786 1075 2834 —(5)
1094 2784 1244 2823 AEneid.
1266 2783 1333 2822 lib.
1355 2787 1453 2822 I.—-
1470 2785 1525 2832 (6)
1542 2784 1709 2834 referam
1729 2783 1836 2822 addit

412 2850 589 2888 2791.—
602 2851 658 2899 (7)
677 2862 859 2896 emeneos,
886 2849 1128 2897 2204.--(8)
1146 2850 1317 2895 Anca-es,
1332 2846 1510 2895 id.2'-(9)
1527 2847 1759 2898 Iagaomhe,
1774 2845 1830 2885 id.
