2002 3418
386 372 463 409 126
792 374 859 410 DE
890 373 1077 413 GLORIA
1103 376 1401 414 MARTYRUM.

386 459 448 507 ad
472 477 561 508 nos
581 460 778 510 historia
801 452 1035 528 passionis
1065 463 1282 526 advenit,
1316 480 1458 530 super
1489 474 1665 513 terram
1697 475 1808 513 sunt

387 537 634 586 collocata.
673 542 789 597 Quae
817 557 928 588 cum
955 558 983 588 a
1005 542 1187 603 multis,
1223 551 1278 588 ut
1299 540 1377 604 fit,
1404 542 1480 589 vel
1504 552 1809 606 tangerentur

388 631 557 677 manu,
596 617 673 664 vel
706 635 788 665 ore
821 619 1165 681 oscularentur,
1201 619 1476 667 admonitus
1508 630 1579 667 est
1610 619 1810 668 aedituus

387 694 551 759 templi
571 704 625 741 ut
647 696 883 743 immundi
910 696 972 744 ab
1003 697 1078 744 his
1101 707 1390 745 arcerentur.
1418 697 1626 754 Quidam
1654 699 1809 746 audax

386 781 528 835 atque
566 773 861 821 facinorosus
897 776 1192 840 opertorium
1227 776 1368 823 unius
1404 776 1575 822 tumuli
1608 777 1811 823 removit

386 860 439 896 ut
469 851 646 897 scilicet
678 852 859 916 aliquid
891 852 950 899 de
979 854 1121 900 sacris
1154 852 1358 900 auserret
1389 853 1629 901 cineribus
1647 891 1660 916 ,
1697 855 1805 901 mis-

388 942 537 990 soque
557 927 815 975 introrsum
845 930 1021 994 capite,
1055 946 1308 995 oppressus
1333 930 1395 978 ab
1421 948 1498 992 eo,
1519 932 1599 978 vix
1621 930 1683 979 ab
1708 931 1810 979 aliis

386 1003 614 1052 liberatus
631 1042 644 1067 ,
688 1005 915 1053 confusus
954 1006 1179 1055 abscessit
1216 1026 1226 1054 :
1262 1025 1352 1056 nec
1387 1009 1601 1074 accipere
1639 1009 1811 1056 meruit

388 1082 521 1144 quod
560 1083 812 1130 temerario
863 1100 983 1130 ausu
1033 1085 1331 1149 praesumsit3
1372 1086 1456 1134 sed
1492 1102 1603 1135 cum
1641 1087 1810 1151 maj0ri

388 1158 611 1224 deinceps
635 1161 899 1208 reverentia
921 1172 1196 1209 sanctorum
1218 1162 1365 1211 adivit
1385 1164 1616 1229 sepulcra.

452 1238 578 1285 Alius
624 1255 818 1304 quoque
856 1239 1033 1288 tributa
1072 1240 1267 1306 publica
1308 1241 1526 1290 deferens
1569 1243 1810 1291 sacculum

388 1316 619 1380 pecuniae,
653 1316 772 1364 dum
802 1318 891 1365 iter
914 1329 1093 1382 ageret,
1116 1320 1406 1384 negligenter
1431 1321 1602 1368 amisit.
1630 1325 1810 1386 Appro-

388 1393 628 1458 pinquans
659 1405 819 1443 autem
850 1396 1052 1459 civitati,
1088 1399 1388 1461 recognoscit
1410 1415 1460 1446 se
1481 1398 1689 1447 amisisse
1713 1414 1813 1446 sac·

389 1472 551 1519 culum
571 1472 820 1537 publicum
837 1475 972 1538 quod
993 1474 1187 1523 ferebat.
1207 1479 1339 1523 Tunc
1362 1486 1624 1542 prostratus
1647 1492 1810 1524 coram

389 1551 617 1614 sepulcris
655 1551 907 1600 beatorum
935 1569 1046 1600 cum
1076 1553 1294 1618 lacrymis
1321 1554 1603 1620 deprecatur
1623 1565 1678 1602 ut
1702 1571 1810 1620 per-

390 1627 543 1675 ditum
565 1645 734 1677 eorum
761 1631 933 1678 virtute
963 1631 1215 1696 reciperet,
1253 1649 1315 1679 ne
1342 1633 1441 1698 ipse
1462 1633 1733 1697 conjuxque
1753 1648 1810 1679 ac

387 1705 526 1753 liberi
557 1707 621 1754 ob
646 1709 698 1756 id
716 1710 981 1774 captivitati
1006 1709 1353 1773 subigerentur.
1391 1714 1613 1774 Egressus
1652 1720 1810 1758 autem

389 1783 504 1832 foris
538 1786 588 1831 in
627 1787 800 1834 atrium
825 1788 981 1834 virum
1006 1788 1089 1851 qui
1117 1788 1244 1835 hanc
1277 1790 1530 1854 pecuniam
1562 1791 1612 1836 in
1636 1789 1713 1836 via
1738 1789 1809 1852 ja-

389 1872 576 1910 centem
610 1874 848 1929 repererat
880 1875 1046 1912 nactus
1069 1876 1140 1912 est
1166 1884 1176 1911 :
1206 1877 1532 1931 scrutatusque
1562 1867 1812 1931 diligenter

388 1940 512 1988 illius
541 1941 673 1988 horae
706 1952 919 2007 tempore
945 1943 1026 1989 hic
1059 1943 1300 1991 sacculum
1333 1945 1566 1992 invenisse
1598 1961 1647 1992 se
1676 1944 1811 2002 dixit,

389 2035 487 2083 quo
507 2020 592 2066 iste
618 2030 881 2085 martyrum
906 2021 1134 2068 auxilium
1157 2021 1400 2084 flagitavit.

454 2098 640 2144 Horum
656 2098 879 2162 reliquias
898 2098 1182 2161 Namacius¹,
1206 2100 1524 2146 Arvernorum
1541 2099 1809 2164 episcopus,

390 2175 561 2223 devote
583 2177 797 2242 expetiit,
834 2188 889 2224 ut
915 2177 1092 2225 scilicet
1118 2194 1197 2225 eas
1221 2178 1271 2224 in
1306 2178 1503 2225 ecclesia
1535 2193 1680 2242 quam
1715 2176 1815 2240 ipse

391 2266 718 2303 construxerat
739 2256 1012 2318 collocaret,
1041 2256 1304 2319 direxitque
1320 2274 1473 2303 unum
1489 2256 1601 2303 illuc
1620 2253 1817 2320 presby-

445 2502 499 2554 (1)
519 2506 724 2541 Namacius
736 2532 746 2550 ‚
767 2501 885 2552 aliqui
902 2500 1016 2539 codd.
1038 2503 1097 2539 De
1116 2510 1248 2539 sancto
1266 2501 1448 2540 Namacio
1467 2510 1505 2540 et
1523 2500 1683 2540 ecclesia
1700 2499 1751 2539 ab
1769 2513 1816 2539 eo

389 2564 573 2602 aedificata
593 2565 801 2616 Gregorius
819 2563 886 2602 lib.
908 2566 946 2602 ΙΙ
964 2562 1063 2601 Hist.
1083 2575 1168 2614 cap.
1190 2577 1273 2610 xvx,
1290 2564 1394 2614 quod
1406 2563 1509 2602 vide.
1529 2566 1621 2601 Haec
1639 2563 1814 2610 ecclesia,

388 2627 615 2666 cathedralis
640 2629 783 2667 scilicet
795 2659 806 2677 ‚
827 2627 953 2679 primo
971 2634 1193 2664 sanctorum
1210 2627 1341 2665 Vitalis
1361 2636 1399 2665 et
1417 2628 1604 2679 Agricolae
1621 2626 1723 2665 dicta
1741 2634 1813 2674 est,

389 2698 470 2728 tum
490 2691 611 2729 sancti
629 2690 838 2738 Laurentii,
858 2702 903 2728 ac
929 2689 1093 2741 denique
1113 2698 1253 2728 sanctae
1270 2690 1420 2739 Mariae,
1446 2690 1552 2742 quod
1574 2702 1717 2728 nomen
1741 2688 1814 2727 ho-

388 2751 526 2804 dieque
544 2753 695 2793 retinet.
716 2753 811 2791 Vide
829 2752 1041 2800 Cointium,
1062 2752 1112 2794 ad
1130 2766 1195 2792 an.
1218 2754 1317 2801 554,
1337 2766 1446 2792 num.
1466 2755 1505 2793 4.
1527 2754 1594 2791 Est
1610 2761 1737 2790 tamen
1755 2751 1812 2789 al-

389 2823 471 2854 tera
486 2816 579 2855 item
596 2816 699 2868 apud
711 2817 865 2854 Clarum
875 2819 1047 2854 Montem
1068 2815 1188 2854 sancti
1202 2815 1397 2855 Laurentii
1414 2815 1587 2854 ecclesia.
1603 2814 1678 2854 Adi
1695 2815 1813 2854 Sava-

389 2892 493 2927 ron.,
521 2880 562 2918 in
580 2879 650 2920 lib.
667 2880 715 2918 de
733 2879 900 2918 ecclesiis
918 2879 1084 2919 Clarom,
1103 2892 1189 2931 cap.
1208 2894 1224 2917 1
1241 2888 1280 2917 et
1301 2893 1361 2919 111.
1384 2882 1465 2929 (R.)
