2002 3418
332 374 380 408 38
729 372 795 408 DE
825 370 1010 409 GLORIA
1036 370 1330 408 MARTYRUM2

894 513 1049 550 CAPUT
1079 513 1169 548 XII.

771 614 824 648 De
838 621 959 648 sancto
973 614 1111 648 Joanne
1125 613 1291 660 Baptista.

391 715 597 760 loannes
614 730 726 759 vero
741 714 946 778 Baptista
958 723 1061 760 astu
1079 712 1278 759 Herodis
1295 728 1380 777 per
1399 712 1733 772 Herodiadem,

328 806 527 836 uxorem
550 789 719 850 fratris,
741 789 791 835 in
808 805 1046 836 carcerem
1062 788 1306 851 colligatur
1317 791 1346 834 ¹.
1369 791 1499 835 Tunc
1515 789 1740 854 temporis

328 885 357 915 a
379 867 541 915 Galliis
563 877 779 915 matrona
802 866 1020 931 quaedam
1049 867 1386 931 Hierosolymis
1410 866 1616 928 abierat,
1649 881 1739 932 pro

328 946 582 993 devotione
600 956 784 992 tantum
798 983 811 1006 ‚
833 956 886 992 ut
901 945 1095 991 Domini
1113 955 1160 991 et
1182 945 1435 991 Salvatoris
1456 945 1604 991 nostri
1626 961 1741 1010 prae-

329 1024 530 1070 sentiam
542 1033 815 1070 mereretur.
832 1022 1023 1069 Audivit
1034 1032 1192 1068 autem
1209 1022 1342 1085 quod
1355 1021 1523 1068 beatus
1535 1025 1741 1069 ,loannes

330 1100 666 1147 decollaretur²
689 1118 699 1146 :
722 1116 864 1147 cursu
880 1099 991 1146 illuc
1013 1099 1183 1163 rapido
1199 1099 1376 1159 tendit,
1405 1099 1618 1162 datisque
1640 1116 1741 1145 mu-

330 1175 523 1222 neribus
555 1176 789 1240 supplicat
812 1175 1101 1240 percussori,
1135 1185 1190 1221 ut
1215 1191 1321 1221 eam
1352 1175 1630 1238 sanguinem
1661 1174 1744 1222 de-

331 1253 557 1299 fluentem
580 1253 799 1316 colligere
829 1253 1119 1316 permitteret
1150 1269 1249 1298 non
1281 1253 1447 1299 arceri.
1476 1253 1562 1298 1110
1584 1262 1741 1299 autem

329 1331 644 1394 percutiente,
675 1339 894 1377 matrona
924 1330 1160 1376 concham
1188 1339 1460 1393 argenteam
1486 1338 1740 1394 praeparat,

329 1416 643 1471 truncatoque
659 1408 877 1472 martyris
894 1407 1064 1471 capite,
1084 1423 1302 1453 cruorem
1321 1406 1494 1454 devota
1511 1406 1739 1470 suscepit:

331 1500 475 1547 quem
496 1485 744 1547 diligenter
767 1485 817 1531 in
841 1485 1075 1549 ampulla'
1096 1485 1303 1549 positum
1325 1484 1528 1549 patriam
1549 1484 1715 1531 detulit
1728 1521 1741 1544 ‚

331 1570 379 1607 et
399 1561 528 1625 apud
556 1558 860 1608 Vasatensem
887 1561 1055 1608 urbem
1073 1598 1085 1621 ,
1115 1560 1344 1608 aedificata
1365 1561 1415 1607 in
1433 1560 1534 1623 ejus
1558 1560 1746 1608 honore

332 1637 529 1686 ecclesia
542 1676 554 1700 ,
579 1640 629 1685 in
655 1649 818 1686 sancto
841 1639 976 1686 altari
998 1638 1264 1685 collocavit.

895 1783 1051 1818 CAPUT
1078 1783 1184 1818 XIII.

673 1879 725 1913 De
740 1890 877 1925 gemma
895 1878 1079 1913 Vasatensi
1094 1886 1176 1913 nata
1195 1876 1363 1913 divinitus
1373 1876 1401 1909 ⁴.

400 1986 642 2042 Quoniam
662 1985 953 2033 Vasatensis⁵
974 1984 1106 2032 urbis
1123 1985 1444 2045 meminimus,
1472 1999 1627 2048 operae
1644 2001 1749 2049 pre-

335 2063 455 2109 tium
475 2073 593 2128 puto
620 2063 902 2110 miraculum
923 2063 1056 2126 quod
1075 2064 1124 2109 in
1143 2079 1200 2109 ea
1218 2063 1453 2109 Dominus
1470 2062 1663 2126 largitus
1679 2073 1750 2110 est

335 2156 617 2188 memorare.
658 2143 889 2206 Tempore
926 2157 1023 2204 quo
1060 2140 1286 2194 diuturna
1320 2139 1570 2187 obsidione
1599 2141 1746 2188 valla-

335 2217 477 2264 batur
498 2234 527 2265 a
546 2218 766 2279 Chunis⁶,
786 2219 919 2265 omni
942 2227 1082 2265 nocte
1103 2217 1323 2265 sacerdos
1344 2217 1427 2280 qui
1449 2227 1645 2281 praeerat
1662 2218 1749 2263 cir-

336 2295 547 2343 cumibat
568 2296 833 2360 psallendo,
862 2306 910 2343 et
930 2297 1123 2355 orabat3
1159 2312 1247 2342 nec
1274 2294 1336 2342 ab
1368 2295 1467 2341 ullo
1489 2295 1743 2356 auxilium,

337 2372 426 2418 nisi
471 2389 500 2419 a
541 2373 737 2419 Domini
775 2372 1097 2419 misericordia
1132 2370 1417 2434 requirebat.
1459 2370 1750 2435 Hortabatur

337 2467 503 2498 omnes
525 2466 661 2498 orare
685 2460 732 2497 et
752 2467 852 2497 non
874 2449 1075 2496 deficere
1089 2486 1102 2511 ‚
1130 2465 1340 2496 asserens
1359 2448 1563 2495 humiles
1586 2465 1749 2514 preces

388 2611 444 2658 (1)
462 2611 538 2648 An.
562 2612 627 2649 30.
649 2608 731 2663 (R.)

388 2673 443 2719 (Ξ)
458 2674 534 2710 An.
557 2673 601 2710 31
624 2681 690 2710 aut
710 2673 775 2711 32.
791 2672 999 2721 (R.)--(3)
1016 2671 1118 2710 Clar.
1139 2683 1176 2710 a.
1199 2674 1240 2708 in
1262 2673 1458 2721 mappula.
1481 2671 1565 2718 (R.)

387 2735 443 2782 (4)
459 2737 520 2772 De
530 2735 701 2772 Iohanne
718 2733 892 2773 Babtista
907 2744 945 2771 et
961 2735 1132 2784 reliquiis
1145 2738 1226 2782 eJus
1236 2735 1344 2784 apud
1356 2736 1391 2770 V
1389 2737 1610 2781 matins-em,
1623 2733 1744 2770 2205.

389 2798 444 2843 (5)
461 2795 729 2842 Vasatinensis,
751 2797 871 2835 2204.
889 2817 943 2824 —
955 2795 1010 2847 (6)
1029 2795 1185 2847 Aliquot
1202 2808 1279 2833 mss
1296 2794 1346 2832 ab
1361 2797 1509 2832 Hunnis
1526 2793 1630 2845 quod
1644 2792 1746 2831 idem

337 2866 407 2897 est.
428 2859 508 2907 (R.)
