2002 3418
349 359 401 396 54
754 360 820 396 DE
846 359 1032 398 GLORIA
1058 359 1355 397 MARTYRUM.

351 445 574 506 vidimus,
595 456 642 494 et
662 447 882 495 admirati
899 464 1061 495 sumus
1083 447 1159 495 vel
1180 445 1439 494 candorem
1453 481 1464 503 ‚
1490 445 1564 492 vel
1585 444 1763 493 subtili-

347 533 493 572 tatem
513 540 693 572 earum.

912 659 1069 695 CAPUT
1093 658 1197 694 XIX.

382 759 434 795 De
448 759 590 808 leproso
610 758 782 796 mundato
797 759 836 794 in
850 759 933 794 loco
948 759 1011 793 ubi
1029 758 1203 793 Dominus
1218 765 1269 793 est
1286 756 1495 804 baptizatus,
1513 764 1547 791 et
1562 755 1716 803 reliquiis

954 817 995 853 B.
1013 815 1147 851 Mariae.

412 921 533 965 Nam
553 918 652 966 vidi
675 929 785 966 ante
808 919 904 966 hoc
925 929 1113 984 tempus
1132 918 1396 977 hominem,
1422 920 1445 964 J
1451 934 1658 965 oannem
1678 934 1764 964 no-

346 997 492 1057 mine,
530 997 613 1059 qui
641 1013 670 1044 a
697 998 862 1044 Galliis
889 998 1103 1062 leprosus
1132 996 1339 1058 abierat,
1377 1007 1424 1043 et
1453 997 1502 1043 in
1527 997 1631 1061 ipso
1652 996 1762 1043 loco

346 1089 444 1136 quo
475 1074 738 1121 Dominum
769 1074 972 1121 diximus
997 1074 1292 1139 baptizatum
1316 1074 1473 1121 aiebat
1501 1091 1549 1121 se
1577 1091 1662 1139 per
1684 1091 1764 1122 an-

345 1166 464 1197 num
485 1152 723 1214 integrum
740 1162 1091 1199 commoratum
1107 1151 1264 1198 fuisse.
1283 1152 1378 1208 Qui
1398 1151 1583 1199 assidue
1604 1151 1764 1199 ablue-

343 1228 485 1276 batur
525 1229 577 1275 in
610 1244 751 1275 amne
778 1246 789 1275 τ
816 1229 900 1276 sed
931 1229 1144 1276 redditus
1177 1228 1384 1292 pristinae
1417 1228 1759 1290 incolumitati,

343 1306 602 1354 reformata
632 1307 683 1353 in
716 1307 886 1353 melius
914 1317 1022 1354 cute
1039 1344 1051 1368 ,
1087 1316 1278 1353 sanatus
1304 1317 1388 1353 est.
1429 1306 1516 1353 Hic
1543 1306 1765 1369 reliquias

342 1384 493 1432 beatae
514 1386 672 1433 Mariae
695 1384 757 1433 ab
787 1385 1124 1450 Hierosolymis
1151 1385 1390 1450 accipiens
1403 1421 1416 1446 ‚
1441 1383 1764 1432 revertebatur

343 1462 393 1509 in
416 1462 618 1526 patriam
646 1481 658 1510 ε
684 1462 767 1510 sed
783 1463 914 1528 prius
936 1465 1137 1510 Romam
1155 1462 1288 1510 abire
1311 1462 1558 1526 disposuit.
1586 1463 1763 1508 Verum

344 1538 430 1585 ubi
454 1540 571 1587 altas
591 1540 734 1587 Italiae
755 1540 1032 1587 solitudines
1055 1550 1125 1587 est
1145 1541 1381 1603 ingressus
1397 1576 1410 1600 ,
1438 1539 1604 1586 incidit
1627 1540 1677 1585 in
1693 1539 1763 1586 la—

343 1626 520 1663 trones.
560 1620 655 1666 Nec
690 1633 852 1678 mora,
893 1617 1121 1682 spoliatur
1149 1617 1211 1664 ab
1241 1616 1557 1677 indumentis,
1592 1625 1640 1662 et
1661 1615 1763 1680 ipsa

345 1709 538 1756 quoque
557 1711 699 1759 capsa
718 1732 731 1756 ,
749 1695 799 1741 in
821 1711 917 1758 qua
931 1695 1072 1741 beata
1085 1694 1295 1758 gestabat
1310 1694 1511 1758 pignora
1523 1729 1536 1755 ,
1558 1693 1757 1757 capitur.

343 1771 675 1819 Existimantes
709 1773 838 1819 enim
874 1772 1055 1819 inimici
1081 1773 1147 1819 illi
1181 1772 1287 1819 auri
1319 1771 1499 1818 ibidem
1532 1771 1762 1818 sestertias

340 1860 634 1913 aggregatas,
673 1851 866 1898 effracta
902 1851 1034 1898 clave
1050 1888 1063 1912 ‚
1102 1851 1265 1898 omnia
1295 1851 1528 1897 rimantur
1561 1849 1756 1895 intente.

340 1926 434 1974 Sed
455 1943 567 1974 eum
588 1928 708 1975 nihil
736 1929 786 1975 in
814 1944 870 1975 ea
891 1929 1104 1993 pecuniae
1131 1929 1440 1993 reperissent,
1467 1935 1673 1973 extracta
1693 1927 1762 1990 pi-

340 2019 491 2067 gnora
512 2005 563 2052 in
585 2005 746 2069 ignem
767 2005 1025 2070 projiciunt
1040 2041 1053 2066 ,
1079 2022 1297 2069 caesoque
1318 2004 1517 2052 homine
1540 2003 1763 2050 discesse-

339 2089 468 2127 runt.
497 2083 554 2128 At
570 2082 650 2130 ille
662 2119 675 2144 ‚
694 2082 946 2129 semivivus
961 2098 1216 2146 exsurgens
1231 2118 1245 2143 ‚
1263 2091 1317 2128 ut
1333 2081 1410 2128 vel
1426 2080 1608 2127 cineres
1628 2095 1762 2126 exus-

339 2167 500 2206 torum
537 2159 778 2224 colligeret
818 2161 1076 2226 pignorum
1093 2198 1106 2222 ‚
1144 2160 1326 2207 invenit
1366 2174 1507 2222 super
1528 2156 1761 2204 carbones

338 2250 563 2284 accensos
578 2237 742 2285 illaesas
753 2236 911 2300 jacere
921 2237 1141 2299 reliquias
1156 2253 1167 2283 ε
1183 2237 1436 2301 ipsumque
1448 2235 1648 2280 linteum
1660 2250 1758 2296 quo

336 2311 561 2360 involutae
579 2324 716 2361 erant
733 2315 798 2362 ita
815 2313 1076 2361 admiratur
1093 2314 1328 2376 integrum
1341 2348 1355 2372 ‚
1380 2321 1435 2358 ut
1452 2327 1551 2357 non
1573 2319 1759 2374 putare-

335 2397 413 2434 tur
434 2390 600 2453 prunis
622 2391 873 2454 injectum,
908 2391 991 2438 sed
1014 2407 1126 2438 eum
1157 2406 1214 2437 ex
1238 2389 1373 2452 aquis
1401 2387 1753 2441 absconditum.

336 2466 629 2530 Collegitque
651 2477 823 2516 cuncta
841 2484 952 2515 cum
975 2467 1148 2530 gaudio
1164 2504 1177 2528 ‚
1201 2476 1249 2514 et
1269 2467 1397 2514 viam
1422 2481 1567 2528 quam
1591 2482 1758 2530 perge-

336 2541 419 2590 bat
449 2544 684 2607 ingressus
704 2582 717 2606 ,
754 2561 904 2608 usque
934 2545 996 2592 ad
1031 2545 1206 2592 Gallias
1241 2544 1457 2609 pervenit
1483 2543 1751 2589 incolumis.

335 2619 509 2667 Multos
528 2621 670 2668 etiam
692 2621 898 2669 vidimus
913 2622 995 2684 qui
1013 2657 1025 2682 ‚
1045 2622 1120 2669 vel
1138 2622 1188 2668 in
1205 2625 1228 2669 J
1232 2621 1413 2668 ordane
1429 2657 1443 2682 ‚
1464 2620 1541 2668 vel
1553 2620 1602 2666 in
1622 2620 1757 2683 aquis

337 2697 522 2745 Levidae
542 2697 675 2746 urbis
695 2700 858 2762 tincti,
883 2698 946 2746 ab
967 2698 1062 2747 hoc
1084 2699 1271 2747 fuerant
1288 2698 1462 2745 morbo
1484 2696 1717 2744 mundati.
