2002 3418
436 318 511 357 314
727 320 793 357 DE
822 321 1092 359 MIRACULIS
1121 322 1292 360 SANCTI
1320 323 1531 361 JULIANI.

434 416 530 453 nat.
553 407 871 455 Asserentibus
892 418 993 455 tum
1012 418 1236 473 praeterea
1259 409 1536 458 hominibus
1571 428 1583 458 ε
1618 431 1639 454 α
1658 410 1843 475 Absque

432 484 582 532 dubio
613 485 908 550 pollicemur,
938 484 1152 547 domina,
1187 486 1273 534 tihi
1295 503 1324 534 a
1349 497 1553 552 martyre
1575 487 1711 537 reddi
1731 489 1844 537 laeti-

432 561 570 623 tiam,
602 562 685 625 qui
715 578 882 609 senum
912 562 1158 625 quondam
1179 562 1429 627 decrepitae
1458 564 1603 611 aetatis
1633 564 1845 613 memb‘ra

431 638 628 702 rigentia
655 639 852 703 antiquo
874 638 1022 702 vigori
1049 640 1270 700 restituit3
1294 659 1317 683 ›>
1337 640 1623 705 impletaque
1639 640 1730 688 hac
1743 657 1845 690 ora-

431 713 586 775 tione,
617 715 849 779 promittit
874 725 949 777 ut,
974 716 1012 762 si
1046 716 1268 781 sospitem
1300 716 1529 781 reciperet
1563 716 1814 781 conjugem
1829 754 1841 774 ‚

431 793 649 856 martyris
679 793 972 858 sepulcrum,
1007 793 1055 839 in
1091 809 1188 856 quo
1222 804 1380 859 posset
1413 794 1585 859 spatio,
1617 805 1844 842 caemento

429 879 718 932 contegeret.
755 869 865 916 Fide
894 870 1036 936 plena
1060 880 1107 918 et
1135 870 1195 918 de
1233 872 1449 935 martyris
1483 871 1656 936 pietate
1682 888 1846 920 secura

428 947 637 994 Treveris
654 956 723 994 est
745 947 970 1010 ingressa,
995 948 1336 1012 inventumque
1354 949 1509 996 virum
1531 949 1678 1012 gratia
1697 948 1846 1015 impe-

429 1022 532 1070 riali
554 1032 796 1088 receptum
818 1023 922 1070 laeta
939 1023 1226 1086 regreditur3
1250 1025 1621 1090 inquisitumque
1640 1035 1842 1090 tempus,

428 1116 527 1164 quo
551 1100 622 1147 vir
644 1100 878 1147 relaxatus
896 1109 1016 1147 esset
1036 1117 1062 1148 e
1082 1094 1286 1162 carcere,
1311 1102 1411 1149 haec
1428 1102 1514 1150 fuit
1536 1102 1847 1151 absolutionis

427 1175 571 1238 hora,
607 1193 703 1241 qua
738 1177 818 1224 illa
847 1177 1064 1240 martyris
1095 1187 1164 1224 est
1195 1175 1421 1225 auxilium
1456 1178 1728 1243 imprecata.
1757 1182 1847 1226 De-

429 1252 543 1301 hinc
573 1254 966 1319 pollicitationem
995 1270 1140 1318 quam
1175 1255 1455 1319 promiserat
1478 1271 1588 1303 cum
1609 1256 1848 1304 immensis

430 1331 708 1379 muneribus
729 1331 1019 1396 adimplevit.

1028 1436 1183 1498 CAPUT
1206 1463 1254 1497 v.

710 1550 762 1585 De
778 1561 822 1584 eo
838 1549 899 1596 qui
917 1549 1025 1584 alium
1042 1550 1078 1584 in
1097 1549 1240 1585 basilica
1258 1549 1421 1585 occidere
1440 1550 1564 1586 voluit.

496 1641 606 1685 Erat
626 1648 785 1685 autem
816 1636 949 1684 haud
975 1637 1142 1702 procul
1169 1654 1198 1685 a
1231 1638 1399 1686 cellula
1427 1655 1570 1703 quam
1608 1655 1751 1705 supra
1782 1655 1848 1686 se-

429 1715 647 1779 pulcrum
687 1715 904 1778 martyris
932 1714 1035 1761 haec
1064 1724 1283 1762 matrona
1315 1726 1640 1763 construxerat
1667 1716 1847 1779 grande

431 1792 684 1839 delubrum
701 1829 713 1852 ,
752 1790 836 1838 ubi
867 1791 916 1837 in
947 1791 1222 1839 columnam
1253 1792 1523 1840 altissimam
1546 1793 1846 1841 simulacrum

431 1870 591 1917 Martis
619 1869 930 1932 Mercuriique
961 1867 1223 1925 colebatur.
1259 1871 1475 1934 Cumque
1510 1869 1695 1918 delubri
1726 1871 1849 1918 illius

431 1947 546 1994 festa
576 1962 605 1994 a
639 1945 855 2010 gentibus
889 1954 1139 2009 agerentur
1174 1962 1229 1993 ac
1261 1947 1438 1994 mortui
1480 1948 1679 1995 mortuis
1709 1947 1850 1995 thura

431 2023 690 2084 deferrent,
727 2023 888 2071 medio
921 2039 947 2070 e
973 2023 1117 2087 vulgo
1140 2035 1503 2072 commoventur
1523 2025 1659 2092 pueri
1680 2024 1778 2072 duo
1800 2025 1848 2072 in

363 2101 371 2104 ’
432 2100 707 2149 scandalum
723 2139 735 2162 ,
768 2099 1046 2164 nudatoque
1073 2117 1197 2148 unus
1232 2101 1414 2164 gladio,
1449 2102 1647 2150 alterum
1674 2102 1852 2167 appetit

434 2179 787 2226 trucidandum.
831 2181 886 2224 At
914 2178 992 2225 ille
1027 2194 1226 2226 cernens
1262 2179 1379 2226 nihil
1412 2179 1560 2227 veniae
1593 2180 1846 2241 reservari,

433 2270 544 2301 cum
582 2272 611 2303 a
645 2255 735 2303 diis
767 2256 863 2302 suis
897 2272 997 2302 non
1035 2255 1373 2316 defensaretur,
1411 2265 1582 2302 nostrae
1614 2255 1852 2319 religionis

433 2333 697 2381 custodiam
716 2371 728 2395 ‚
766 2343 938 2381 nostrae
966 2333 1273 2380 confessionis
1293 2334 1480 2380 veniam
1497 2370 1509 2394 ,
1547 2334 1718 2380 nostrae
1738 2349 1852 2380 con-

433 2411 634 2473 tagionis
655 2410 907 2474 medelam,
937 2411 1157 2458 cellulam
1181 2410 1371 2475 expetiit
1401 2410 1618 2474 martyris
1636 2410 1846 2473 gloriosi.

432 2491 565 2536 Tunc
587 2490 663 2537 ille
695 2490 778 2554 qui
804 2488 1105 2553 sequebatur,
1140 2504 1252 2535 cum
1280 2489 1330 2534 in
1367 2488 1544 2535 assultu
1572 2487 1714 2551 gladii
1741 2504 1849 2535 eum

435 2584 534 2614 non
559 2568 788 2633 potuisset
818 2568 1062 2630 attingere,
1100 2576 1146 2613 et
1175 2566 1254 2612 hic
1287 2582 1428 2630 super
1451 2582 1500 2613 se
1529 2565 1702 2612 ostium
1732 2576 1853 2611 rese·-

435 2654 605 2705 rasset,
637 2655 778 2708 atque
803 2644 881 2691 ille
905 2652 1145 2708 arreptum
1169 2651 1422 2706 utrumque
1443 2651 1651 2707 postem,
1676 2641 1851 2688 ostium

435 2731 688 2769 conaretur
706 2721 959 2786 infringere
974 2758 986 2781 ,
1015 2720 1141 2767 illico
1164 2719 1455 2766 adhaerentes
1487 2735 1655 2769 manus
1681 2717 1852 2767 tabulis

433 2797 605 2845 xdolore
627 2798 832 2844 maximo
861 2797 1155 2861 quatiuntur,
1189 2805 1235 2843 et
1263 2805 1394 2843 tanta
1427 2794 1682 2843 afflictione
1713 2795 1852 2842 miser
