2002 3418
428 353 505 389 140
834 353 899 389 DE
927 353 1112 390 GLORIA
1146 353 1440 391 MARTYRUM.

426 450 608 488 tantam
648 441 866 489 redactus
891 450 962 488 est
995 441 1297 504 exiguitatem
1330 450 1383 488 ut
1415 440 1535 488 nihil
1558 443 1603 489 ei
1625 442 1754 490 unde
1784 443 1846 490 ali

427 528 510 565 aut
530 519 623 582 tegi
650 529 835 584 posset,
861 519 983 566 sicut
1004 519 1216 565 humana
1235 519 1451 583 deposcit
1472 520 1722 566 necessitas
1735 557 1747 580 ,
1779 536 1848 567 re-

372 615 374 617 *
426 608 656 644 maneret.
679 597 891 644 Tandem
911 613 1168 643 conversus
1185 595 1246 642 ad
1266 612 1333 657 se,
1353 595 1470 642 dixit
1487 596 1548 643 ad
1565 596 1843 660 conjugem:

431 693 455 718 «
476 675 668 722 Peccavi
690 691 854 722 coram
867 677 971 721 Deo
986 684 1034 721 et
1052 675 1225 722 sanctis
1242 674 1360 737 ejus,
1381 674 1463 736 qui
1486 674 1547 721 ab
1568 674 1664 721 hoc
1685 675 1847 740 hospi·

426 753 563 813 tiolo,
581 754 704 813 *icut
722 769 829 800 sum
850 752 1141 813 admonitus,
1177 769 1277 799 non
1302 753 1487 799 recessi.
1515 755 1572 798 Et
1597 753 1695 799 scio
1717 753 1849 816 quod

427 829 492 876 ob
526 830 622 877 hoc
665 829 807 876 nobis
838 829 965 876 mala
992 846 1097 893 quae
1130 830 1338 894 patimur
1361 839 1674 876 accesserunt.
1714 832 1850 876 Nunc

427 918 587 955 autem
602 923 854 972 pareamus
868 908 1040 954 visioni
1059 924 1206 972 quam
1221 907 1445 968 vidimus,
1461 917 1507 954 et
1521 924 1850 955 removeamus

427 985 522 1032 hoc
538 985 850 1050 hospitiolum
867 985 1018 1032 aloco
1034 985 1144 1047 isto,
1157 995 1211 1032 ut
1221 986 1471 1032 salvemur.
1494 1006 1517 1028 22
1538 989 1671 1032 Tunc
1687 995 1849 1033 amoto

428 1063 638 1126 tugurio,
667 1062 931 1109 oratorium
958 1079 1016 1109 ex
1035 1062 1204 1126 ligneis
1226 1062 1482 1110 formatum
1503 1062 1676 1111 tabulis
1701 1063 1849 1110 collo-

427 1140 576 1201 cavit3
602 1140 652 1186 in
671 1154 770 1203 quo
790 1139 1004 1202 quotidie
1021 1141 1291 1187 orationem
1307 1139 1529 1202 fundens,
1553 1157 1698 1205 opem
1723 1140 1849 1188 beati

429 1217 647 1282 martyris
665 1217 926 1281 flagitabat.
939 1217 1153 1264 Tandem
1168 1216 1462 1265 cessantibus
1478 1218 1646 1283 plagis,
1667 1219 1850 1283 aptanti

428 1310 600 1342 manus
633 1293 696 1342 ad
733 1310 931 1360 operam
960 1303 1093 1342 tanta
1126 1293 1367 1341 fructuum
1394 1295 1735 1359 consequentia
1762 1295 1851 1342 fuit

429 1381 483 1418 ut
514 1372 565 1419 in
595 1371 791 1420 modico
825 1373 1054 1437 temporis
1087 1372 1241 1437 spatio
1278 1373 1481 1438 amplius
1516 1389 1663 1436 quam
1676 1385 1678 1387 ’
1693 1373 1851 1439 perdi-

429 1449 587 1512 derat,
612 1460 867 1516 repararet.
899 1452 1010 1498 Haec
1031 1449 1153 1498 infra
1174 1459 1391 1498 nostrum
1411 1440 1701 1498 territorium
1725 1460 1852 1513 gesta

429 1538 555 1575 sunt.

494 1605 588 1653 Sed
625 1622 714 1654 nec
747 1605 844 1653 hoc
874 1605 1044 1666 silebo,
1080 1605 1144 1654 ad
1171 1605 1584 1672 comprimendam
1613 1606 1850 1654 malorum

429 1683 719 1749 superbiam,
741 1683 874 1748 quod
911 1685 1045 1732 Plato
1073 1683 1287 1748 quidam,
1309 1682 1575 1731 Chlotharii
1593 1684 1714 1747 regis
1731 1693 1851 1731 tem-

428 1778 564 1826 pore,
584 1762 647 1810 ad
666 1763 995 1811 Pauliacense¹
1016 1763 1358 1810 monasterium
1382 1762 1631 1824 accedens,
1653 1763 1703 1809 in
1718 1762 1852 1826 cujus

430 1841 640 1888 oratorio
666 1840 809 1905 hujus
832 1840 983 1888 sancti
1007 1840 1217 1904 reliquiae
1243 1841 1576 1899 continentur,
1606 1849 1655 1887 et
1680 1856 1769 1904 pro
1791 1856 1851 1887 eo

430 1918 563 1980 quod
584 1934 759 1966 munus
777 1917 974 1981 aliquod
990 1917 1051 1965 ab
1069 1917 1242 1966 abbate
1261 1935 1362 1965 non
1379 1918 1657 1983 accepisset,
1682 1917 1853 1965 dixisse

430 1993 576 2042 fertur
598 2014 609 2041 :
638 2015 661 2041 «
683 1999 782 2059 Ego
806 1995 976 2043 faciam
997 1995 1056 2044 de
1078 1995 1170 2043 hac
1188 1996 1386 2044 ecclesia
1406 1995 1607 2043 domum
1627 1989 1776 2059 regis,
1801 1996 1851 2043 in

430 2071 564 2135 cujus
606 2089 706 2119 uno
741 2073 917 2136 angulo
952 2073 1134 2136 equites
1147 2074 1162 2096 ²
1195 2073 1398 2120 alantur.
1426 2091 1450 2118 »
1479 2075 1540 2120 Et
1564 2088 1676 2120 cum
1694 2071 1853 2119 furore

431 2148 704 2212 discedens,
728 2150 847 2197 dum
865 2150 927 2198 ad
946 2151 1215 2216 principem
1233 2150 1365 2198 abire
1383 2149 1617 2216 disponit,
1638 2165 1853 2215 compre-

431 2227 608 2275 hensus
628 2245 658 2276 a
680 2227 834 2290 febre,
857 2228 934 2275 die
955 2230 1092 2276 tertia
1112 2229 1330 2294 spiritum
1358 2228 1594 2276 exhalavit
1617 2244 1630 2276 z
1656 2227 1852 2275 descen-

432 2306 645 2371 densque
666 2307 893 2355 velociter
918 2307 981 2354 ad
1010 2307 1275 2369 infernum,
1312 2307 1512 2354 domum
1542 2305 1631 2352 Dei
1662 2305 1852 2369 reliquit

433 2384 495 2432 ad
516 2385 698 2433 cultum
716 2386 817 2450 ejus
832 2385 967 2449 cujus
985 2386 1117 2450 prius
1138 2384 1291 2432 fuerat
1308 2384 1503 2431 nomine
1521 2392 1813 2431 consecrata.

486 2574 539 2619 (1)
558 2554 855 2613 Pauliacensim.
876 2574 1002 2618 2204,
1022 2585 1107 2622 sup.
1130 2573 1220 2609 478.

486 2634 543 2679 (2)
561 2634 623 2674 Al.
644 2638 731 2684 equi
748 2639 844 2682 eJus.
865 2636 947 2682 (R.)
