2002 3418
403 367 478 403 308
708 366 774 402 DE
800 365 1066 402 MIRACULIS
1094 363 1264 401 SANCTI
1290 363 1500 403 JULIANI.

401 453 451 499 in
485 468 582 515 quo
616 451 805 499 fanatici
845 452 1017 499 erroris
1052 451 1213 497 naeniae
1250 450 1553 514 colebantur,
1593 455 1801 505 advenit.

402 532 477 590 Et,
506 543 616 574 cum
636 528 819 592 insequi
841 528 1132 576 adversarios
1153 536 1273 573 nutu
1304 528 1392 575 Dei
1418 530 1659 593 sensisset,
1693 548 1723 595 a
1742 535 1810 580 vi-

401 606 498 654 dua
541 606 747 670 quadam
777 623 826 653 se
854 606 1007 653 occuli
1032 603 1390 670 deprecabatur.
1437 608 1592 664 Quem
1631 609 1710 657 illa
1745 621 1811 658 te.

402 700 540 747 gens,
579 684 704 730 illico
739 695 942 748 martyre
965 691 1189 748 poscente
1206 719 1218 742 ,
1244 682 1441 744 detexit3
1468 685 1551 748 qui
1571 687 1665 733 suis
1688 688 1809 735 inse-

401 760 644 808 cutoribus
669 761 734 808 ita
756 760 888 807 infit:
914 760 1101 820 «Nolo,
1127 760 1305 823 inquit,
1328 760 1505 808 diutius
1526 766 1811 812 commorari

400 838 450 884 in
467 838 562 885 hoc
580 838 769 897 saeculo,
786 838 898 902 quia
917 837 1022 884 sitio
1043 845 1141 884 tota
1159 837 1305 883 animi
1328 838 1549 886 aviditate
1563 839 1662 903 jam
1678 840 1811 888 Chri-

400 924 541 960 stum.
560 932 584 958 »
610 916 664 959 At
683 914 750 960 illi
767 913 987 960 eductam
1008 911 1215 960 vibranti
1239 913 1429 961 dextera
1455 914 1705 979 frameam,
1727 917 1811 966 de-

399 990 496 1037 ciso
531 990 683 1054 capite
719 990 769 1036 in
802 999 920 1051 treS‚
952 998 1007 1036 ut
1041 990 1107 1036 ita
1141 989 1296 1037 dicam
1311 1028 1323 1051 ‚
1364 1001 1537 1055 partes,
1583 993 1812 1056 gloriosus

398 1066 625 1114 dividitur
646 1076 838 1130 martyr.
867 1069 986 1114 Nam
1014 1075 1156 1130 caput
1177 1067 1412 1115 Viennam
1430 1068 1654 1132 defertur,
1683 1081 1811 1120 artus

398 1146 579 1192 Brivate
600 1144 927 1192 reconduntur
943 1181 956 1206 ‚
985 1143 1094 1191 felix
1113 1145 1272 1191 anima
1295 1160 1325 1191 a
1349 1145 1535 1194 Christo
1563 1148 1811 1196 conditore

395 1223 663 1288 suscipitur.
697 1224 842 1270 Senes
874 1237 1066 1286 quoque
1079 1258 1092 1282 ‚
1127 1222 1210 1284 qui
1250 1233 1601 1271 sacrosanctum
1640 1241 1812 1291 corpus

394 1301 783 1366 mancipaverant
823 1299 1072 1365 sepulturae
1085 1336 1097 1360 ‚
1143 1299 1207 1346 ita
1257 1299 1559 1363 redintegrati
1607 1313 1717 1350 sunt
1760 1313 1813 1350 ut

394 1379 444 1425 in
488 1387 728 1426 senectute
761 1393 947 1425 summa
983 1377 1126 1442 positi
1170 1386 1399 1440 tanquam
1434 1377 1632 1441 juvenes
1669 1378 1814 1427 habe·

394 1465 574 1502 rentur.
608 1458 763 1520 Caput
784 1469 976 1519 quoque
1000 1453 1100 1517 ejus
1124 1453 1369 1501 Ferreolus
1391 1463 1569 1518 martyr
1596 1456 1778 1520 accepit
1795 1494 1807 1517 ,

394 1534 729 1598 completoque
772 1531 1028 1578 certamine
1049 1568 1061 1592 ‚
1109 1540 1206 1577 tam
1248 1529 1372 1577 illius
1405 1530 1621 1579 membra
1666 1549 1810 1596 quam

394 1611 526 1657 istius
556 1620 698 1675 caput
734 1610 783 1655 in
813 1609 956 1655 unius
978 1608 1151 1654 tumuli
1173 1607 1473 1671 receptaculo
1496 1609 1806 1657 collocantur.

395 1687 539 1745 Quod
561 1704 621 1734 ne
658 1687 883 1749 cuiquam
918 1685 1123 1731 fortassis
1151 1684 1365 1730 videatur
1400 1684 1690 1732 incredibilis
1712 1702 1811 1734 esse

394 1763 634 1824 narratio,
680 1777 784 1825 quae
807 1760 969 1808 audivi
1011 1769 1140 1823 gesta
1168 1758 1367 1806 fideliter
1390 1759 1608 1824 prodam.

984 1908 1139 1945 CAPUT
1166 1909 1217 1945 11.

833 2006 886 2040 De
903 2005 1114 2040 revelatione
1132 2005 1256 2054 capitis
1271 2007 1359 2054 ejus.

458 2099 681 2159 Quodam
694 2108 851 2147 autem
867 2107 1098 2164 tempore,
1116 2098 1232 2145 dum
1251 2098 1313 2146 ad
1329 2114 1579 2149 occursum
1594 2100 1720 2151 beati
1737 2105 1811 2152 Ni-

391 2179 498 2227 cetii
531 2178 746 2226 antistitis
790 2193 939 2241 usque
972 2176 1271 2240 Lugdunum¹
1296 2175 1648 2242 processissem,
1673 2180 1811 2230 libuit

392 2259 572 2320 animo,
592 2274 691 2305 non
720 2257 854 2304 aliter
876 2256 966 2302 nisi
991 2256 1219 2303 orationis
1237 2271 1395 2318 causa,
1421 2257 1654 2307 Viennam
1679 2260 1810 2309 adire

391 2346 439 2383 et
459 2335 595 2401 praeci
599 2352 693 2400 pue
724 2334 994 2400 sepulcrum
1019 2333 1202 2380 visitare
1230 2333 1436 2381 Ferreoli
1472 2338 1689 2400 martyris
1714 2337 1810 2401 glo-

392 2413 524 2460 riosi¹
532 2431 545 2472 3
578 2412 814 2461 insederat
835 2412 965 2459 enim
987 2411 1151 2472 menti,
1173 2420 1369 2476 propter
1391 2413 1637 2478 antiquam
1666 2415 1810 2464 dilec-

393 2491 573 2539 tionem
602 2508 797 2552 eorum,
820 2506 896 2537 me
921 2489 986 2536 sic
1010 2505 1109 2536 esse
1137 2488 1238 2552 ejus
1256 2489 1504 2537 alumnum
1535 2502 1586 2538 ut
1617 2492 1804 2541 Juliani.

393 2568 626 2632 Denique,
656 2568 872 2616 oratione
891 2566 1038 2627 facta,
1062 2565 1191 2629 erigo
1214 2566 1464 2615 oculorum
1485 2569 1637 2617 aciem
1652 2564 1713 2618 ad
1731 2573 1809 2618 tri-

447 2784 503 2840 (1)
522 2788 647 2824 Ntcetz·
664 2788 852 2823 antestitis
872 2796 988 2832 usque
1003 2785 1181 2834 Lugduno
1194 2812 1203 2830 ‚
1228 2786 1346 2824 22⁰4.

445 2852 500 2901 (Ξ)
524 2851 658 2888 Passus
681 2862 744 2887 an.
767 2850 865 2894 3012,
887 2848 936 2885 18
956 2855 1053 2899 sept.
1083 2850 1170 2899 (R.)
