2002 3418
581 531 844 610 LIBRI
903 504 1637 612 MIRAGULORUM.

763 818 985 880 LIBER
1027 819 1422 880 SECUNDUS.

459 963 514 998 DE
543 961 778 1006 PASSIONE,
806 962 1100 1010 VIRTUTIBUS‚
1129 964 1185 999 ET
1202 944 1373 999 VGLORIA
1402 965 1560 999 SANCTI
1587 962 1761 999 JULIAM

949 1050 956 1058 ·
987 1037 1225 1073 MARTYRIS.

930 1172 1291 1227 PROLOGUS.

470 1289 694 1351 Magnum
732 1288 783 1334 in
814 1285 954 1334 nobis
986 1286 1346 1351 quodammodo
1367 1286 1626 1350 igniculum
1654 1285 1716 1334 ad
1746 1286 1818 1349 ju-

406 1364 538 1411 stitiae
571 1380 667 1412 suae
702 1363 1056 1429 adipiscendam
1095 1364 1312 1412 semitam
1345 1364 1493 1428 pietas
1526 1363 1687 1410 divina
1718 1379 1818 1409 suc-

405 1442 590 1503 cendit,
633 1459 744 1489 cum
770 1441 912 1489 dicit:
960 1441 1100 1489 Oculi
1134 1442 1330 1489 Domini
1374 1458 1518 1506 super
1538 1440 1698 1506 justos
1712 1477 1725 1502 ‚
1773 1452 1823 1488 et

407 1537 547 1567 czares
583 1520 688 1585 ejus
721 1518 787 1567 ad
807 1536 976 1584 preces
1009 1537 1172 1566 eorum
1190 1519 1234 1580 1;
1278 1519 1531 1567 ostendens
1572 1517 1704 1584 quod
1736 1519 1819 1582 qui

401 1598 629 1661 justitiam
651 1615 708 1645 ex
725 1607 828 1644 toto
852 1597 996 1644 corde
1026 1597 1262 1659 dilexerit,
1289 1613 1397 1645 cum
1419 1597 1695 1662 deprecatus
1718 1595 1820 1643 fue-

406 1676 483 1736 rit,
503 1676 761 1723 audiatura
777 1675 1003 1722 Domino.
1033 1675 1222 1722 Utinam
1240 1675 1438 1738 quisque
1454 1684 1684 1733 nostrum,
1709 1689 1819 1720 cum

405 1748 506 1796 haec
531 1759 721 1797 cantare
743 1749 953 1814 coeperit,
980 1749 1135 1796 statim
1158 1749 1324 1813 spretis
1359 1749 1526 1797 mundi
1558 1746 1789 1795 scandalis
1803 1785 1815 1807 ‚

406 1827 630 1890 neglectis
669 1828 1064 1893 concupiscentiis
1108 1828 1243 1875 vanis
1282 1827 1608 1891 derelictisque
1645 1827 1819 1874 semitis

406 1906 586 1970 praviS,
611 1906 799 1970 justitiae
817 1906 967 1967 viam,
1002 1904 1247 1970 expeditus
1274 1915 1322 1952 et
1351 1905 1452 1952 sine
1477 1904 1818 1970 impedimento

407 1983 698 2031 saecularium
733 1983 975 2030 actionum
991 2019 1004 2044 ,
1047 1991 1298 2030 conaretur
1321 1982 1541 2047 irrepere.
1582 1984 1670 2028 Per
1693 1981 1820 2029 hanc

407 2060 536 2106 enim
565 2061 693 2108 viam
713 2060 826 2107 Abel
845 2061 996 2124 justus
1016 2061 1282 2125 suscipitur,
1310 2059 1475 2107 Enoch
1505 2059 1671 2106 beatus
1693 2075 1821 2107 assu-

407 2138 551 2184 mitur
566 2175 579 2200 ,
601 2141 701 2186 Noe
718 2148 981 2186 reservatur
997 2176 1009 2200 ,
1036 2138 1275 2186 Ab‘raham
1301 2138 1502 2201 eligitur,
1531 2139 1659 2185 Isaac
1676 2136 1819 2184 bene-

408 2215 604 2278 dicitur,
641 2216 789 2263 Jacob
826 2216 1063 2278 dilatatur,
1110 2215 1281 2279 Joseph
1326 2214 1604 2275 custoditur,
1635 2215 1819 2278 Moyses

408 2293 740 2355 sanctificatur,
766 2292 919 2341 David
943 2293 1316 2358 praedestinatur,
1355 2291 1581 2338 Salomon
1616 2291 1814 2351 ditatur,

408 2379 501 2417 tres
540 2371 675 2436 pueri
712 2372 834 2418 inter
871 2370 1094 2418 incendia
1116 2369 1358 2416 rorulenta
1378 2368 1710 2430 vaticinantur,
1729 2371 1820 2416 Da·

410 2447 505 2494 niel
530 2448 650 2495 inter
666 2464 845 2496 nocuas
859 2447 1032 2495 bestias
1047 2446 1268 2511 pascitur.
1288 2448 1373 2492 Per
1394 2444 1521 2492 hanc
1559 2445 1683 2492 viam
1703 2461 1818 2510 apo·

411 2525 518 2571 stoli
543 2525 824 2589 diriguntur,
851 2534 1076 2588 martyres
1090 2522 1214 2570 beati
1252 2521 1589 2585 glorificantur.
1622 2525 1680 2569 Et
1700 2538 1818 2586 qua-

411 2601 531 2662 liter,
567 2604 755 2669 inquis?
795 2603 981 2650 Scilicet
1010 2602 1125 2650 dum
1149 2600 1337 2649 infirma
1363 2610 1532 2648 curant
1546 2637 1559 2662 ,
1606 2609 1820 2648 mortuos

413 2681 654 2742 suscitant,
688 2681 932 2747 praesentia
950 2688 1286 2739 contemnunt,
1327 2678 1482 2725 sutura
1517 2676 1784 2725 desiderant
1802 2713 1815 2739 ,

465 2834 521 2881 (1)
538 2834 599 2871 Ps.
621 2845 759 2872 xxxnx.
