2002 3418
343 309 391 345 40
742 310 808 346 DE
836 310 1021 347 GLORIA
1048 311 1341 348 MARTYRUM.

341 396 569 443 coelorum
587 396 755 460 januas
776 408 1037 462 penetrare.
1063 399 1218 446 Hostis
1236 414 1347 445 vero
1370 399 1421 445 in
1443 398 1639 445 circuitu
1666 398 1743 445 de-

340 473 657 538 populabatur
687 475 845 536 villas,
878 475 1048 523 domos
1079 475 1293 523 tradebat
1322 475 1571 537 incendio,
1607 491 1744 538 agros

341 551 595 614 vineasque
619 552 870 616 pecoribus
892 553 1169 600 intromissis
1202 553 1413 600 vastabat
1439 571 1449 599 :
1478 552 1560 599 sed
1595 568 1746 599 sacer-

342 629 441 676 doti
458 629 592 676 bono
608 630 740 694 operi
758 630 986 677 insistenti
1002 632 1212 678 celeriter
1230 632 1377 678 virtus
1394 631 1555 678 divina
1575 630 1739 678 adfuit.

344 707 448 751 Una
468 714 607 750 nocte
627 705 778 750 visum
805 715 874 751 est
893 706 982 769 ipsi
1002 705 1318 752 barbarorum
1347 707 1440 769 regi
1472 705 1605 769 quasi
1627 705 1747 769 psal-

340 782 489 830 lentes
521 782 740 828 homines
771 782 820 828 in
847 783 1134 830 vestimentis
1165 783 1305 845 albis,
1342 784 1549 831 accensis
1571 784 1743 844 cereis,

340 860 589 906 circumire
614 875 777 906 muros
803 858 951 907 urbis.
978 862 1036 906 Et
1056 860 1307 924 indignans
1324 899 1336 922 ‚
1363 861 1428 908 ait
1455 878 1465 906 :
1495 880 1516 905 «
1534 862 1650 918 Quae
1679 870 1750 907 est

341 936 442 982 haec
476 936 753 1000 perversitas
786 945 833 982 et
865 937 1088 984 securitas
1120 954 1266 999 vana,
1305 948 1358 984 ut
1389 937 1588 998 obsessi,
1615 939 1749 1001 quasi

343 1012 574 1076 despectis
608 1011 747 1058 nobis
761 1049 773 1072 ‚
811 1013 1005 1059 canticis
1038 1015 1195 1060 nescio
1233 1014 1405 1077 quibus
1442 1031 1498 1061 ac
1530 1013 1750 1061 laudibus

342 1089 666 1154 perstrepant?
678 1105 788 1136 vere
800 1090 912 1152 quia
924 1090 1054 1154 digni
1066 1101 1174 1137 sunt
1186 1091 1467 1155 perditione.
1481 1110 1505 1136 »
1525 1094 1582 1137 Et
1595 1091 1751 1138 statim

343 1166 468 1213 misit
497 1166 560 1213 ad
580 1165 751 1212 urbem
781 1167 995 1228 nuntios,
1030 1167 1370 1230 interrogantes
1398 1167 1515 1231 quid
1545 1166 1635 1214 sihi
1665 1167 1752 1214 ista

342 1242 505 1288 velint.
531 1245 589 1289 At
609 1243 675 1289 illi
698 1253 872 1306 negant
901 1243 1018 1290 scire
1048 1260 1097 1291 se
1126 1261 1230 1308 quae
1252 1245 1491 1305 dicuntur,
1516 1259 1671 1307 neque
1692 1243 1752 1289 de

343 1319 400 1366 iis
421 1319 578 1382 aliqua
597 1320 895 1385 persensisse.
924 1320 1023 1367 Alia
1045 1337 1158 1367 vero
1181 1331 1340 1382 nocte,
1363 1321 1482 1368 vidit
1504 1321 1637 1384 quasi
1657 1320 1754 1383 glo-

344 1395 463 1443 bum
485 1412 713 1458 magnum
737 1397 857 1459 ignis
881 1413 1021 1461 super
1046 1397 1215 1444 urbem
1243 1397 1553 1458 descendere,
1584 1407 1632 1444 et
1651 1397 1715 1444 ait
1737 1415 1748 1442 ι

348 1491 371 1517 «
389 1473 438 1518 Si
457 1483 624 1520 contra
642 1490 730 1535 nos
744 1473 796 1519 hi
816 1473 992 1520 obsessi
1013 1475 1540 1537 contumaciteragunt,
1560 1490 1648 1520 nec
1666 1490 1754 1519 nos

346 1558 580 1611 metuunt,
598 1549 670 1596 vel
690 1549 889 1597 coelestis
904 1566 986 1596 eos
1003 1550 1074 1597 ira
1089 1560 1351 1598 consumet.
1374 1571 1397 1594 »
1417 1553 1632 1612 Cumque
1654 1566 1753 1595 non

345 1626 526 1673 videret
559 1627 708 1673 ullum
740 1626 800 1673 ab
830 1626 949 1673 urbe
982 1627 1255 1675 incendium
1286 1642 1569 1690 consurgere
1583 1663 1596 1687 ‚
1630 1626 1757 1672 misit

345 1705 517 1751 iterum
545 1705 834 1767 interrogare
863 1720 967 1767 quae
994 1715 1147 1751 essent
1180 1722 1284 1769 quae
1310 1704 1508 1752 viderat.
1534 1703 1756 1750 Similiter

347 1792 637 1846 negaverunt
658 1783 776 1828 nihil
800 1799 849 1829 se
871 1783 1070 1829 omnino
1094 1783 1279 1830 vidisse.
1313 1786 1444 1829 Tunc
1470 1798 1551 1829 rex
1582 1783 1756 1827 Gause-

346 1860 471 1906 ricus
489 1860 553 1907 ait
579 1877 590 1905 2
616 1878 637 1904 «
657 1859 704 1905 Si
727 1859 828 1906 haec
851 1859 924 1906 isti
949 1860 1186 1921 nesciunt,
1208 1859 1509 1907 manifestum
1530 1868 1600 1905 est
1623 1857 1756 1921 quod

346 1941 473 1984 Deus
503 1953 671 1983 eorum
692 1936 884 1999 adjuvat
913 1952 1010 1982 eos.
1034 1956 1055 1979 »
1086 1939 1143 1982 Et
1175 1936 1330 1983 statim
1360 1935 1569 1982 discessit
1594 1950 1623 1982 a
1646 1934 1755 1981 loco

347 2012 446 2059 illo.

411 2088 639 2136 Sacerdos
659 2099 817 2136 autem
834 2089 1108 2136 convocatis
1125 2087 1307 2135 civibus
1325 2086 1504 2150 vigilias
1522 2085 1727 2133 celebrat
1739 2122 1752 2146 ‚

347 2175 394 2211 et
414 2166 662 2215 missarum
678 2166 773 2230 agit
786 2166 919 2214 festa¹
939 2182 1028 2230 pro
1044 2164 1322 2224 liberatione
1336 2164 1503 2229 populi
1518 2163 1606 2210 sui.
1629 2165 1755 2208 Dum

347 2252 506 2289 autem
520 2243 622 2290 haec
637 2245 810 2306 ageret,
831 2243 1084 2307 respiciens
1099 2257 1285 2288 sursum
1300 2239 1417 2286 vidit
1434 2255 1574 2304 super
1590 2239 1752 2299 altare,

348 2319 483 2380 quasi
506 2319 567 2366 de
587 2321 798 2368 camera'
818 2319 982 2383 templi
995 2355 1008 2380 ‚
1036 2317 1205 2365 cadere
1228 2327 1321 2363 tres
1343 2325 1495 2380 guttas
1509 2352 1523 2377 ,
1555 2314 1757 2378 aequales

404 2551 458 2607 (1)
476 2557 674 2596 Missarum
703 2557 908 2596 celebratio
939 2557 1025 2595 festi
1050 2569 1169 2609 genus
1192 2555 1419 2594 censebatur
1437 2555 1540 2607 apud
1563 2554 1755 2605 antiquos,

346 2627 389 2657 ut
407 2631 457 2657 ex
474 2619 548 2657 hoc
567 2620 652 2659 loco
676 2628 714 2658 et
736 2633 786 2658 ex
809 2633 895 2658 can.
920 2622 968 2658 17
987 2631 1097 2658 conc.
1118 2633 1149 2656 n
1170 2621 1313 2657 Turon.
1338 2617 1482 2669 colligit
1500 2611 1695 2656 Mabillon.
1715 2615 1756 2653 in

348 2681 533 2732 prooemio
551 2681 618 2720 lib.
639 2696 671 2719 11
687 2681 865 2733 Liturgiae
883 2681 1018 2720 Gallie.
1043 2683 1123 2730 (R.)

401 2742 456 2794 (2)
477 2742 522 2780 1d
550 2752 607 2781 est
638 2743 802 2791 fornice,
837 2756 903 2781 seu
930 2743 1056 2794 potius
1080 2742 1248 2793 laqueari
1278 2755 1326 2780 ex
1352 2742 1468 2793 ligno.
1497 2739 1609 2785 Vide,
1639 2738 1754 2790 infra,

349 2818 434 2856 cap.
455 2818 575 2843 xm'u.
596 2806 679 2853 (R.)
