2002 3418
461 381 537 420 148
859 381 926 418 DE
955 381 1143 419 GLORIA
1170 380 1464 419 MARTYRUM.

459 470 670 536 pontifex
694 469 1011 534 reaedificavit,
1034 472 1234 535 eleganti
1253 470 1577 518 transvolvens
1591 486 1750 534 opere.
1775 469 1868 516 Sed

460 558 675 596 sanctum
708 548 995 613 sepulcrum,
1027 550 1187 596 nescio
1221 565 1316 613 qua
1344 564 1485 595 causa
1517 547 1731 608 faciente,
1759 547 1871 594 foris

460 627 632 674 evenit.
660 625 803 684 Quod
827 627 904 673 ille
929 626 1055 673 intus
1081 626 1331 674 transferre
1353 625 1566 690 cupiens,
1591 624 1871 672 convocavit

458 705 519 752 ad
546 705 642 752 hoc
672 721 793 768 opus
822 714 869 751 et
907 704 1191 768 obsequium
1221 703 1416 751 abbates
1448 713 1589 767 atque
1618 702 1735 750 alios
1764 701 1872 748 reli-

459 781 615 844 giosos
632 781 787 841 viros;
815 782 864 828 in
887 797 984 845 quo
1003 791 1244 828 conventu
1260 780 1437 845 grande
1460 779 1743 827 miraculum
1763 777 1873 826 bea-

458 868 533 905 tus
558 869 736 923 martyr
762 868 809 905 et
835 859 1024 924 populis
1052 869 1099 906 et
1121 876 1208 906 suo
1229 859 1440 924 praestitit
1461 856 1735 904 confessori.
1762 859 1874 903 Erat

458 936 636 1001 quippe
653 935 882 996 validum,
902 946 956 982 ut
973 953 1115 1001 supra
1130 936 1351 995 diximus,
1371 935 1489 982 illud
1505 934 1869 999 sarcophagum,

460 1022 512 1059 ut
538 1013 631 1059 tale
659 1013 709 1058 in
740 1013 829 1058 isto
861 1021 1075 1076 tempore
1110 1028 1198 1058 nec
1228 1013 1317 1059 tria
1348 1012 1481 1077 paria
1505 1010 1658 1057 boum
1687 1010 1873 1057 trahere

457 1089 656 1152 possint.
685 1089 902 1150 Cumque
935 1087 1194 1134 diutissime
1225 1098 1542 1149 morarentur,
1576 1104 1665 1134 nec
1695 1086 1875 1134 inveni-

458 1174 563 1209 rent
581 1163 782 1227 qualiter
803 1163 960 1227 ipsum
980 1163 1107 1210 intus
1129 1163 1372 1225 inferrent,
1391 1174 1580 1211 sanctus
1598 1163 1869 1227 Gregorius,

458 1241 734 1288 illuminatis
752 1241 899 1287 cereis
911 1258 1023 1288 cum
1046 1242 1214 1305 grandi
1236 1242 1503 1306 psallentio,
1523 1242 1874 1307 apprehensum

457 1334 486 1365 a
511 1318 664 1383 capite
688 1319 908 1383 martyris
935 1319 1307 1384 sarcophagum,
1333 1329 1381 1367 et
1407 1318 1506 1366 duo
1529 1318 1790 1384 presbyteri
1812 1318 1875 1365 ad

457 1397 619 1461 pedes,
642 1407 888 1445 moventes
912 1397 1050 1459 illud,
1073 1398 1122 1444 in
1145 1408 1359 1463 cryptam
1376 1397 1665 1447 habilissime
1687 1398 1874 1446 detule-

457 1485 592 1536 runt,
621 1485 668 1523 et
691 1475 775 1522 ubi
806 1476 917 1540 ipsis
945 1477 1032 1523 fuit
1057 1476 1285 1541 placitum
1307 1487 1680 1542 composuerunt
1706 1494 1717 1522 :
1744 1475 1876 1541 quod

458 1570 558 1600 non
586 1554 840 1600 minimum
863 1554 1053 1619 populis
1081 1556 1403 1619 spectaculum
1433 1555 1534 1602 fuit.
1567 1558 1677 1602 Post
1697 1571 1876 1620 paucos

458 1641 618 1678 autem
650 1647 821 1692 annos,
850 1630 912 1678 ab
947 1630 1170 1679 euntibus
1205 1633 1255 1678 in
1291 1633 1473 1680 Italiam
1508 1632 1741 1698 passionis
1776 1631 1876 1695 ejus

457 1707 704 1755 historiam
744 1709 935 1755 allatam
977 1708 1144 1757 beatus
1182 1710 1425 1758 confessor
1463 1711 1661 1775 accepit.
1701 1710 1795 1757 Sed
1829 1719 1878 1757 et

458 1785 682 1850 deinceps
699 1795 889 1833 sanctus
907 1796 1086 1851 martyr
1102 1787 1262 1834 multis
1276 1804 1325 1835 se
1342 1786 1593 1835 virtutibus
1610 1786 1877 1834 manifesta·

457 1863 526 1909 vit
546 1863 596 1910 in
614 1863 820 1928 populis.
850 1866 945 1911 Nec
967 1875 1179 1913 moratus
1193 1903 1205 1927 ,
1232 1883 1374 1932 super
1396 1875 1612 1932 cryptam
1634 1866 1765 1914 illam
1789 1865 1876 1913 ba-

458 1939 636 1986 silicam
671 1956 894 2003 magnam
922 1941 1060 2003 jussit
1101 1941 1337 1990 aedificari.
1382 1946 1436 1990 In
1466 1943 1685 2008 proximo
1718 1952 1877 1990 autem

459 2027 529 2064 est
548 2027 597 2064 et
613 2018 707 2065 alia
724 2017 936 2080 basilica,
955 2019 1005 2065 in
1021 2036 1117 2084 qua
1135 2020 1386 2068 Paschasia
1401 2022 1413 2045 ¹
1429 2020 1648 2084 quaedam
1663 2020 1878 2084 religiosa

459 2104 727 2143 veneratur.
773 2099 893 2144 Nam
923 2096 1078 2144 visum
1114 2107 1184 2144 est
1222 2114 1281 2145 eo
1318 2107 1535 2163 tempore
1567 2097 1879 2145 structoribus

461 2173 720 2235 quamdam
736 2189 883 2221 anum
905 2191 1140 2238 egressam
1156 2175 1294 2223 fuisse
1313 2175 1374 2224 ab
1393 2177 1495 2241 ipsa
1511 2176 1722 2238 basilica,
1744 2177 1878 2241 nigra

462 2260 607 2312 veste,
640 2251 808 2314 cigneo
835 2253 1011 2317 capite,
1039 2254 1265 2318 vultuque
1288 2254 1488 2315 decoro,
1514 2272 1619 2319 quae
1643 2256 1710 2302 sic
1737 2254 1879 2302 affata

462 2338 533 2375 est
564 2338 818 2376 structores
849 2348 860 2375 :
891 2349 914 2375 «
936 2331 1044 2391 Eia,
1082 2331 1386 2390 dilectissimi,
1415 2331 1626 2396 perficite
1648 2349 1769 2398 opus
1788 2331 1877 2378 bo-

465 2422 581 2452 num
610 2425 619 2452 :
647 2407 891 2454 eleventur
921 2407 1152 2454 machinae
1187 2407 1361 2471 quibus
1393 2409 1586 2472 erigitur
1619 2410 1721 2457 haec
1755 2420 1879 2458 stru-

465 2492 597 2530 ctura
610 2522 623 2540 ,
658 2494 705 2530 et
727 2484 895 2531 merito
921 2484 1209 2531 acceleratur
1232 2501 1338 2549 quae
1359 2486 1501 2533 talem
1521 2486 1668 2534 habet
1686 2504 1877 2534 exsecu-

465 2568 634 2606 torem.
667 2562 788 2608 Nam
818 2561 856 2607 si
885 2562 1233 2625 permitteretur
1260 2572 1314 2609 ut
1340 2572 1606 2610 vestrorum
1629 2564 1878 2611 oculorum

465 2636 588 2683 acies
619 2638 1037 2703 contemplaretur,
1075 2656 1247 2704 nempe
1274 2640 1495 2691 videretis
1522 2640 1657 2688 vobis
1681 2657 1879 2707 operan-

517 2868 575 2922 (1)
596 2871 654 2908 De
672 2869 871 2908 Paschasia
888 2869 987 2909 infra
1005 2870 1129 2922 agitur
1145 2869 1185 2909 in
1211 2870 1278 2912 lib.
1298 2870 1347 2910 de
1363 2872 1508 2914 Gloria.
1528 2871 1639 2913 Conf.
1658 2885 1744 2924 cap.
1764 2885 1875 2912 nm.
