2002 3418
407 330 456 365 10
786 329 852 365 DE
880 328 1067 366 GLORIA
1098 329 1396 367 MARTYRUM.

404 415 727 465 invidentibus
758 417 929 465 Judaeis
959 419 1132 478 erexit3
1170 433 1312 482 super
1346 432 1494 481 aquas
1524 432 1638 465 vero
1655 454 1670 479 ‚
1716 434 1817 465 non

406 492 756 543 dehiscentibus
773 495 925 558 aquis,
935 495 1125 543 incessit
1136 514 1149 555 3
1164 494 1454 560 profluvium
1466 494 1675 542 mulieris
1688 505 1818 543 tactu

406 570 604 618 fimbriae
634 571 850 619 salutaris
872 572 1053 618 avertit.
1088 572 1234 618 Multa
1264 570 1460 635 quidem
1484 581 1531 618 et
1563 571 1656 619 alia
1681 571 1816 633 fecit,

405 665 510 713 quae
532 665 665 696 sacra
685 649 1051 712 Evangeliorum
1079 658 1239 696 narrat
1268 648 1479 696 historia.
1512 650 1688 696 Tamen
1708 665 1821 697 cum

405 727 581 773 multos
622 726 799 774 salubri
839 727 1110 791 coelestique
1154 726 1382 773 mandato
1421 736 1723 774 restaurasset
1756 727 1820 775 ad

405 803 575 864 vitam,
598 813 693 850 tres
711 803 773 850 ab
796 802 1015 850 infernali
1040 813 1194 850 morte
1215 803 1435 850 reductos
1455 804 1562 850 vitae
1588 804 1815 851 restituit:

405 880 455 928 id
488 890 557 928 est
572 919 586 942 ,
633 881 993 946 archisynagogi
1033 881 1180 929 filiam
1221 882 1514 929 resuscitavit
1547 883 1597 929 in
1635 882 1817 942 domo;

405 959 603 1006 unicum
625 958 778 1006 viduae
812 975 1002 1022 surgere
1027 960 1165 1023 jussit
1196 959 1259 1007 ad
1291 970 1438 1025 portae
1472 976 1711 1024 egressum
1737 978 1748 1006 :
1774 970 1822 1007 et

406 1037 634 1083 Lazarum
655 1037 844 1085 vocavit
863 1052 921 1084 ex
941 1046 1273 1085 monumento.

985 1182 1143 1219 CAPUT
1168 1183 1240 1219 111.

675 1273 727 1307 De
739 1272 920 1320 passione,
937 1275 1194 1310 resurrectione
1207 1282 1243 1309 et
1256 1273 1459 1311 ascensione
1471 1274 1561 1321 ejus.

471 1365 613 1428 Igitur
636 1366 783 1413 Judaei
798 1404 811 1428 ‚
836 1365 995 1416 furore
1014 1369 1255 1430 succensi,
1285 1367 1410 1415 falsis
1441 1365 1822 1415 accusationibus

403 1443 751 1491 circumdantes
786 1446 972 1492 Justum
1013 1444 1310 1493 tradiderunt
1352 1446 1495 1492 morti
1511 1482 1524 1505 ‚
1581 1454 1629 1491 et
1668 1444 1821 1490 crucis

403 1518 627 1567 affixione
651 1509 1024 1569 damnaverunt¹
1046 1540 1056 1569 z
1080 1539 1224 1587 quem
1254 1525 1383 1570 Deus
1415 1532 1550 1587 pater
1582 1521 1821 1569 suscitavit

401 1612 432 1644 a
463 1599 663 1644 mortuis
692 1599 829 1646 tertia
856 1598 961 1662 die,
994 1599 1159 1647 solutis
1180 1599 1428 1648 doloribus
1451 1599 1671 1659 mortis’3
1698 1614 1821 1664 quo-

402 1675 533 1722 niam
554 1675 846 1741 impossibile
864 1688 964 1725 erat
984 1695 1095 1726 eum
1117 1677 1248 1744 apud
1265 1677 1441 1725 inferos
1461 1676 1678 1738 retineri,
1700 1676 1822 1724 sicut

401 1753 468 1799 ait
488 1755 732 1819 apostolus
762 1758 942 1802 Petrus.
974 1756 1184 1804 Posthaec
1205 1757 1486 1822 promittens
1508 1754 1815 1815 Paraclstum,

402 1840 449 1877 et
493 1830 713 1879 imbuens
757 1832 1026 1881 coelestibus
1070 1833 1299 1882 doctrinis
1340 1833 1582 1900 apostolos
1607 1870 1621 1894 ‚
1668 1831 1821 1879 victor

402 1908 615 1956 ascendit
636 1909 699 1956 ad
729 1910 893 1971 coelos,
917 1920 1268 1976 venturumque
1302 1928 1352 1959 se
1388 1910 1451 1959 ad
1481 1908 1817 1975 judicandum,

401 1986 579 2050 angelis
612 1988 893 2036 testantibus
906 2026 921 2050 ,
956 1991 1314 2054 repromittens,
1353 1989 1542 2037 dicente
1572 1986 1822 2053 apostolici

401 2066 542 2111 Actus
565 2065 762 2114 historia
782 2084 793 2112 ε
819 2067 908 2112 Hic
928 2070 1069 2114 Iesus
1097 2069 1184 2132 qui
1208 2078 1420 2131 receptus
1449 2077 1524 2114 est
1543 2083 1577 2112 α
1605 2063 1728 2111 vobis
1749 2065 1820 2110 sic

401 2142 573 2200 veniet,
599 2141 995 2207 quemadmodum
1010 2142 1189 2191 vidiuis
1206 2161 1315 2191 eum
1329 2155 1519 2191 euntem
1536 2145 1587 2190 in
1603 2140 1771 2188 caelum
1781 2142 1811 2186 ³.

985 2292 1142 2328 CAPUT
1164 2292 1231 2327 IV.

832 2391 884 2425 De
898 2390 1067 2438 apostolis
1079 2399 1115 2425 et
1128 2391 1231 2425 beata
1247 2390 1376 2427 Maria.

466 2483 577 2528 Post
598 2481 926 2530 admirabilem
949 2483 1090 2548 igitur
1111 2483 1373 2530 Dominicae
1399 2480 1688 2529 ascensionis
1716 2479 1817 2544 glo-

400 2558 519 2606 riam
532 2561 564 2620 ”,
602 2577 728 2624 quae,
775 2561 981 2608 contrito
1014 2561 1260 2609 diabolicae
1293 2560 1594 2624 malignitatis
1629 2558 1783 2623 capite
1798 2594 1813 2619 ,

456 2774 512 2823 (1)
530 2780 604 2814 An.
630 2778 700 2822 33,
723 2779 746 2814 3
767 2777 886 2828 Apffl.
910 2781 1062 2826 (R.)-
1080 2780 1134 2826 (2)
1152 2781 1237 2817 Act.
1259 2792 1310 2825 11,
1332 2780 1397 2817 24.
1421 2800 1473 2807 —
1497 2780 1551 2825 (3)
1571 2778 1658 2816 Act.
1684 2789 1722 2823 ι,
1744 2777 1810 2813 11.

454 2840 511 2887 (ι.)
530 2841 603 2877 An.
627 2841 692 2886 33,
716 2841 766 2878 14
784 2841 886 2878 maii.
918 2844 1004 2889 (R.)
1574 2836 1578 2839 ·
