2002 3418
377 316 454 352 206
779 318 845 354 DE
872 317 1057 356 GLORIA
1084 320 1380 357 MARTYRUM.

377 405 717 452 monasterium
742 405 1006 468 adducens,
1039 406 1202 454 abbati
1227 406 1421 455 tradidit
1451 407 1783 472 erudiendum,

375 482 595 530 videlicet
625 493 679 531 ut
705 484 854 532 factus
875 484 1071 532 clericus
1107 486 1279 532 sanctis
1313 486 1663 551 manciparetur
1687 487 1788 536 offi-

374 558 473 604 ciis.
508 560 701 629 Verum·
728 576 839 606 cum
871 558 971 623 jam
1017 559 1304 625 spiritalibus
1335 560 1545 608 eruditus
1586 572 1704 610 esset
1737 563 1785 609 in

372 635 559 697 litteris,
597 647 644 684 et
674 654 785 684 cum
811 638 1002 702 reliquis
1033 638 1213 685 clericis
1248 638 1295 684 in
1333 638 1484 685 choro
1516 640 1788 688 canentium

372 713 612 776 psalleret,
651 714 842 762 modica
867 716 1079 780 pulsatus
1107 714 1235 761 febre
1248 752 1260 776 ,
1278 707 1511 779 'spiritum
1534 716 1783 764 exhalavit.

372 791 591 838 Cucurrit
606 801 754 839 mater
773 792 941 839 orbata
957 792 1019 839 ad
1042 791 1327 856 obsequium
1349 792 1523 839 funeris
1541 793 1785 858 plangens,

372 869 678 933 sepelivitque
707 870 875 931 filium.
901 873 1239 917 Verumtamen
1269 887 1366 917 non
1402 871 1686 918 suffecerunt
1716 871 1791 918 hae

373 945 591 1010 lacrymae
613 946 787 1008 dolori,
813 964 918 1010 quae
939 948 988 994 in
1006 948 1237 1011 exsequiis
1257 958 1368 994 sunt
1387 947 1545 995 effusae
1566 966 1577 994 ε
1605 948 1687 995 sed
1704 964 1791 1013 per

374 1023 473 1070 dies
510 1024 720 1087 singulos
748 1025 991 1086 veniebat,
1020 1035 1067 1072 et
1096 1042 1237 1090 super
1267 1027 1536 1091 sepulcrum
1566 1027 1664 1074 nati
1695 1027 1784 1087 sui,

373 1101 554 1147 emissis
578 1101 629 1147 in
657 1100 806 1149 altum
827 1102 1051 1161 vocibuS‚
1080 1102 1302 1166 ejulabat.
1325 1104 1413 1150 Cui
1434 1104 1628 1152 tandem
1648 1119 1791 1169 appa-

375 1193 482 1224 rens
503 1195 589 1243 per
601 1179 754 1226 visum
778 1179 932 1226 noctis
950 1178 1118 1226 beatus
1140 1180 1410 1242 Mauricius,
1436 1181 1526 1228 ait:
1542 1181 1699 1239 oeQuid
1717 1189 1786 1242 m,

375 1272 406 1302 o
444 1256 615 1304 mulier
631 1294 644 1318 ,
689 1257 978 1305 incessanter
1021 1256 1104 1303 filii
1149 1257 1335 1304 obitum
1375 1257 1621 1322 plangens,
1665 1271 1787 1305 nun·

373 1350 519 1397 quam
541 1334 722 1382 desistis
753 1351 781 1382 a
802 1334 964 1382 luctu?
983 1354 1006 1378 »
1029 1335 1115 1382 Cui
1143 1335 1222 1382 illa
1248 1353 1258 1381 ε
1293 1355 1315 1380 «
1333 1336 1464 1397 Dies,
1490 1336 1660 1400 inquit,
1686 1336 1791 1382 vitae

375 1428 490 1459 meae
510 1412 642 1459 hunc
661 1413 909 1477 planctum
927 1429 1027 1459 non
1050 1412 1263 1476 explent3
1299 1413 1381 1460 sed
1400 1413 1515 1460 dum
1542 1413 1787 1473 advixero,

373 1506 558 1555 semper
581 1490 770 1538 deflebo
789 1491 987 1537 unicum
1006 1507 1184 1551 meum,
1205 1507 1293 1538 nec
1310 1507 1523 1554 unquam
1540 1490 1793 1553 mitigabor

374 1584 402 1615 a
430 1568 672 1632 lacrymis,
698 1568 854 1616 donec
882 1567 1047 1614 oculos
1073 1569 1286 1632 corporis
1310 1568 1452 1632 hujus
1475 1568 1636 1615 debita
1663 1584 1791 1614 mors

376 1647 693 1694 concludat.»
715 1650 802 1694 Cui
830 1647 908 1693 ille
934 1664 943 1691 ε
977 1665 1000 1690 «
1018 1646 1124 1692 Noli
1148 1647 1235 1706 ita,
1270 1647 1357 1706 ait,
1386 1647 1519 1709 quasi
1549 1655 1790 1692 mortuum

373 1724 504 1786 flere,
531 1725 614 1771 sed
635 1725 963 1789 aequanimiter
988 1739 1097 1785 age,
1123 1739 1235 1769 nam
1254 1724 1373 1769 scias
1397 1740 1508 1770 eum
1538 1721 1789 1769 nobiscum

372 1803 585 1851 habitare
618 1814 665 1851 et
694 1802 936 1850 sedentem
968 1802 1074 1848 vitae
1108 1803 1330 1867 perennis
1363 1802 1603 1848 consortio
1626 1811 1789 1849 nostro

373 1881 566 1946 perfrui.
595 1884 669 1937 Et,
695 1890 747 1927 ut
768 1881 995 1928 veraciter
1015 1878 1181 1926 credas
1203 1889 1331 1927 certa
1351 1896 1450 1926 esse
1473 1895 1578 1942 quae
1597 1866 1787 1942 loquor,

373 1974 510 2020 surge
529 1958 734 2005 crastina
749 1956 826 2003 die
849 1955 911 2003 ad
931 1955 1236 2016 matutinum,
1259 1965 1306 2002 et
1324 1954 1486 2002 audies
1503 1971 1673 2002 vocem
1692 1954 1792 2018 ejus

374 2036 496 2082 inter
510 2036 684 2085 choros
704 2033 1006 2099 psallentium
1026 2033 1399 2080 monachorum²
1410 2069 1420 2078 .
1445 2034 1504 2079 Et
1520 2048 1619 2079 non
1637 2031 1791 2079 solum

374 2113 451 2160 die
474 2115 694 2174 crastina,
721 2111 804 2160 sed
825 2112 968 2159 etiam
990 2110 1217 2158 omnibus
1235 2110 1404 2158 diebus
1424 2111 1530 2158 vitae
1549 2120 1658 2171 tuae,
1680 2125 1791 2156 cum

375 2193 575 2253 veneris,
600 2190 764 2239 audies
789 2191 839 2237 in
860 2189 1110 2254 psallentio
1139 2205 1309 2236 vocem
1338 2189 1466 2252 ejus;
1495 2188 1700 2251 ideoque
1732 2202 1792 2233 ne

377 2269 581 2331 fleveris,
619 2285 679 2316 eo
716 2266 848 2332 quod
884 2266 1089 2330 gaudere
1124 2275 1168 2312 te
1207 2275 1423 2330 oporteat
1458 2266 1616 2330 potius
1647 2280 1790 2328 quam

374 2348 590 2410 lugere.»
617 2346 773 2409 Surgit
796 2345 988 2404 mulier,
1015 2343 1253 2407 longaque
1289 2343 1419 2390 ducit
1444 2332 1668 2407 suspiria,
1703 2357 1792 2388 nec

377 2424 620 2472 obdormit
640 2426 691 2472 in
715 2433 860 2470 strato
891 2438 1002 2482 suo,
1030 2421 1187 2467 donec
1209 2422 1397 2485 signum
1420 2419 1482 2468 ad
1508 2435 1792 2483 consurgen-

428 2643 483 2690 (1)
517 2643 641 2693 Supra
673 2640 831 2679 clericos
866 2638 1032 2691 appellat
1063 2639 1272 2688 Gregorius
1298 2652 1394 2690 quos
1422 2652 1538 2678 nunc·
1554 2637 1789 2684 monacho„

375 2703 484 2751 cujus
508 2703 565 2741 rei
583 2703 690 2741 varia
715 2702 892 2754 exempla
907 2701 948 2739 in
967 2701 1049 2740 aliis
1069 2714 1223 2753 quoque
1240 2701 1461 2740 auctoribus
1484 2702 1703 2753 stequenter
1725 2711 1790 2737 oc-

376 2775 550 2811 cummt,
578 2775 619 2804 ut
637 2766 756 2803 fusius
774 2764 939 2803 ostendit
956 2764 1155 2811 Mabillon,
1181 2764 1219 2802 in
1252 2765 1398 2816 praefat.
1430 2764 1556 2803 saeculi
1570 2766 1628 2802 111
1645 2761 1788 2801 Bened.

378 2842 485 2868 num.
507 2831 573 2867 27.
599 2828 692 2866 Vide
710 2837 748 2865 et
759 2826 995 2865 Thomassini
1014 2826 1214 2878 Disciplin,
1239 2827 1374 2864 eccles.
1392 2841 1428 2878 p.
1436 2829 1477 2873 J,
1489 2825 1560 2866 lib.
1580 2827 1651 2863 111.
1669 2826 1747 2872 (R.)
