2002 3418
342 358 418 394 366
647 359 712 395 DE
742 358 1008 397 MIRACULIS
1036 359 1207 397 SANCTI
1235 360 1445 399 IULIANI.

340 445 457 493 dum
478 447 527 493 in
558 446 754 494 ecclesia
786 462 815 496 a
845 447 1082 495 daemonio
1116 447 1311 511 quidam
1345 457 1660 513 torqueretur,
1697 451 1748 498 in

338 525 447 572 navi
479 524 607 572 beati
639 527 853 590 martyris
874 526 1089 591 praedixit
1121 543 1220 574 esse
1259 527 1493 590 reliquias.
1531 531 1746 593 Cumque

338 603 471 650 navis
507 613 699 667 portum
731 603 889 651 fuisset
921 604 1118 669 adepta,
1165 604 1246 651 hic
1283 604 1345 652 ad
1377 621 1484 652 eam
1512 604 1748 654 saltuatim

338 681 558 745 prosiliit,
583 698 640 729 ac
660 682 940 746 provolutus
967 683 1070 730 solo
1104 698 1267 729 coram
1301 683 1438 743 navi,
1473 693 1749 748 erumpente

337 757 398 804 ab
420 775 502 806 ore
524 769 571 806 et
591 758 786 806 naribus
806 758 940 821 tabe,
963 776 1167 825 persona
1186 769 1384 824 purgata
1405 769 1489 807 est.
1507 762 1623 818 Quae
1638 777 1750 808 cum

336 835 561 900 episcopo
590 837 805 883 nuntiata
837 836 1057 899 fuissent,
1092 848 1362 885 commovet
1383 838 1617 903 populum
1638 855 1750 886 cum

335 914 544 961 accensis
579 914 725 961 cereis
762 913 825 960 ad
862 924 1056 978 portum
1097 932 1247 979 usque
1286 915 1561 980 procedere.
1605 917 1751 978 Igitur

335 991 583 1037 nauclerus
607 990 805 1037 audiens
819 1027 832 1051 ,
857 990 1068 1054 flensque
1087 1009 1182 1056 prae
1205 993 1397 1055 gaudio,
1423 994 1473 1039 in
1497 1009 1749 1040 occursum

334 1067 545 1132 episcopi
582 1078 829 1133 properat,
872 1068 991 1115 nihil
1031 1086 1080 1116 se
1118 1070 1246 1117 aliud
1286 1088 1496 1118 asserens
1527 1070 1588 1118 de
1620 1071 1748 1118 beati

335 1145 571 1192 sustulisse
606 1145 802 1193 basilica
844 1146 934 1192 nisi
973 1133 1230 1212 parumper
1263 1148 1469 1212 pulveris
1508 1148 1591 1211 qui
1623 1148 1749 1195 circa

334 1230 550 1268 sanctum
562 1221 751 1285 jacebat
766 1222 1003 1269 tumulum
1021 1241 1031 1269 :
1049 1223 1131 1270 sed
1142 1227 1269 1270 Deus
1286 1225 1607 1290 omnipotenS,
1621 1240 1750 1272 com·

333 1298 545 1362 probans
568 1300 711 1348 fidem
729 1301 842 1364 viri,
865 1302 1020 1349 occuli
1040 1303 1263 1350 virtutem
1283 1303 1502 1367 martyris
1521 1318 1621 1349 non
1642 1318 1749 1368 per-

334 1375 475 1423 misit.
517 1377 701 1424 Dehinc
732 1378 983 1444 episcopus
1013 1379 1220 1428 sublatas
1256 1380 1476 1444 reliquias
1502 1395 1653 1443 usque
1685 1378 1748 1427 ad

334 1463 545 1501 sanctam
567 1455 812 1503 ecclesiam
840 1473 952 1504 cum
977 1473 1153 1521 magno
1174 1457 1361 1506 honore
1390 1457 1627 1523 deportat.
1660 1459 1750 1503 Ne·

335 1531 538 1592 gotiator
577 1549 690 1580 vero
724 1542 855 1581 tanta
891 1551 1090 1582 cernens
1134 1535 1368 1584 mirabilia
1416 1534 1660 1583 basilicam
1697 1535 1748 1581 in

333 1607 519 1656 honore
555 1611 773 1675 martyris
811 1611 1077 1674 aedificavit,
1111 1613 1162 1659 in
1197 1629 1293 1676 qua
1328 1613 1492 1662 beatas
1526 1611 1748 1677 reliquias

333 1686 572 1735 collocans
593 1688 742 1736 multa
760 1688 984 1755 deinceps
1007 1689 1079 1737 ibi
1096 1691 1322 1739 miracula
1344 1690 1465 1739 vidit
1485 1690 1688 1756 operari.

863 1822 1019 1859 CAPUT
1046 1823 1219 1861 XXXIV.

520 1905 678 1949 Qualiter
691 1907 847 1942 Turonis
860 1908 899 1943 in
913 1908 1056 1944 basilica
1071 1911 1145 1957 ejus
1160 1910 1314 1957 reliquiae
1329 1917 1411 1944 sunt
1427 1910 1563 1946 locatae.

324 2010 331 2018 ·
397 1990 507 2034 Haec
527 2005 616 2051 ego
643 1988 828 2036 dudum
847 2001 1065 2055 expertus
1092 2008 1214 2039 sum.
1241 1992 1449 2055 Contigit
1467 2002 1522 2039 ut
1541 2001 1649 2057 post
1671 2008 1746 2039 or-

333 2062 627 2111 dinationem
647 2081 804 2112 meam
828 2069 1061 2114 Arvernos
1082 2068 1358 2116 accederem
1382 2086 1391 2114 :
1411 2067 1746 2133 *profectusque

331 2141 459 2190 beati
491 2142 737 2192 basilicam
769 2145 921 2207 adivi,
954 2147 1231 2211 expletaque
1253 2147 1496 2195 festivitate
1510 2184 1522 2208 ,
1547 2146 1746 2211 diruptis

332 2235 361 2266 a
390 2220 516 2284 palla
545 2238 650 2286 quae
683 2232 900 2270 sanctum
932 2224 1046 2286 tegit
1072 2225 1309 2272 tumulum
1341 2223 1562 2285 fimbriis,
1590 2224 1640 2270 in
1671 2223 1746 2270 his

332 2298 451 2345 mihi
472 2299 744 2364 praesidium
764 2301 884 2348 ferre
921 2301 1119 2350 credens
1134 2340 1147 2364 ,
1184 2302 1377 2367 impleta
1408 2302 1623 2349 oratione
1652 2299 1746 2347 dis-

332 2377 465 2423 cessi.
524 2378 662 2443 Apud
711 2380 996 2427 Turonicam
1039 2397 1152 2428 vero
1197 2380 1367 2428 urbem
1414 2379 1640 2427 monachi
1691 2379 1743 2426 in

330 2452 517 2501 honore
540 2456 686 2520 ipsius
709 2458 927 2521 martyris
947 2457 1190 2505 basilicam
1206 2495 1219 2519 ,
1247 2458 1436 2522 qualem
1460 2456 1744 2522 possibilitas

332 2547 498 2579 eorum
519 2534 709 2596 habuit,
735 2535 1107 2597 aedificaverunt,
1132 2534 1375 2601 cupientes
1396 2553 1505 2583 eam
1528 2536 1629 2600 ejus
1652 2535 1743 2583 vir-

330 2609 509 2657 tutibus
524 2613 806 2659 consecrari.
830 2614 1088 2660 Audientes
1106 2623 1264 2660 autem
1284 2614 1385 2661 haec
1400 2615 1601 2678 pignora
1616 2629 1646 2660 a
1662 2627 1739 2659 me

330 2685 468 2734 fuisse
502 2687 657 2736 delata
686 2689 919 2753 rogabant
951 2699 1005 2736 ut
1028 2689 1245 2738 dedicata
1267 2691 1390 2739 aedes
1412 2691 1581 2738 iisdem
1600 2704 1739 2752 auge·

330 2775 458 2812 retur
481 2768 675 2814 exuviis.
703 2771 762 2814 At
782 2785 887 2832 ego,
910 2769 1255 2834 apprehensam
1274 2770 1497 2818 secretius
1519 2783 1708 2834 capsam
1721 2804 1734 2828 ,

330 2842 389 2889 ad
422 2842 661 2891 basilicam
687 2844 814 2893 beati
845 2846 1031 2894 Martini
1055 2847 1307 2911 incipiente
1339 2857 1477 2895 nocte
1507 2861 1729 2911 propero.
