2002 3418
397 332 473 370 298
791 331 857 367 DE
885 330 1070 368 GLORIA
1097 330 1336 368 MARTYRU
1342 332 1378 368 Μ
1385 362 1393 370 .

396 437 506 467 cum
523 420 601 468 ille
613 429 790 483 martyr
803 435 901 466 non
919 419 1053 466 cessit
1071 418 1272 466 flammis
1290 427 1337 466 et
1349 418 1556 482 ungulis!
1573 423 1636 467 Te
1651 437 1800 468 unum

397 498 614 546 desiderii
636 498 825 563 pessimi
842 497 1053 562 jaculum
1075 497 1276 558 sauciat,
1305 512 1415 543 cum
1437 497 1606 545 Christi
1625 509 1801 563 marty·

395 592 497 622 rem
529 573 779 622 exturbare
800 590 829 622 a
848 574 1035 638 justitiae
1056 573 1242 621 tramite
1270 588 1358 620 nec
1378 572 1520 620 turbo
1542 573 1803 623 „verberum

378 653 653 733 'proevaluin
678 668 767 700 nec
788 650 984 700 catasta!
1016 653 1124 699 Haec
1146 660 1322 714 martyr
1346 651 1586 714 sustinuit,
1606 651 1799 714 visibili,

396 742 450 779 ut
474 742 543 791 tu,
565 746 678 777 usus
699 746 918 795 corpore,
943 740 989 777 et
1011 739 1065 777 tu
1086 728 1343 776 invisibiles
1361 745 1461 776 non
1479 720 1686 778 refrenas
1702 747 1806 778 cor-

395 810 527 875 poris
558 807 925 857 commotiones!
955 811 1033 870 Et,
1059 808 1183 868 licet,
1206 807 1339 871 juxta
1361 807 1630 872 apostolum
1646 842 1658 863 ,
1694 823 1805 856 caro

397 887 702 951 concupiscat
747 885 972 933 adversus
1021 885 1237 950 spiritum
1273 894 1320 932 et
1356 885 1542 949 spiritus
1585 884 1808 932 adversus

397 979 607 1025 carnem,
631 973 679 1011 et
694 962 796 1011 haec
814 963 1018 1010 invicem
1035 962 1343 1010 adversentur
1363 961 1453 1009 sibi
1471 971 1525 1008 ut
1549 977 1648 1008 non
1676 961 1809 1025 quod

396 1041 617 1088 volumus
642 1039 761 1087 illud
795 1041 1048 1102 geramus¹,
1084 1049 1244 1086 tamen
1283 1039 1393 1087 vide
1425 1039 1543 1104 quid
1580 1040 1645 1087 ait
1680 1039 1809 1087 idem

397 1114 597 1162 doctor:
636 1113 783 1161 Video
813 1113 956 1177 legem
989 1115 1042 1160 in
1072 1112 1291 1159 membris
1323 1114 1440 1159 meis
1471 1124 1808 1178 repugnantem

399 1192 493 1257 legi
526 1193 697 1239 mentis
740 1208 855 1238 meae
890 1202 939 1238 et
972 1193 1206 1255 captivum
1241 1206 1317 1237 me
1345 1188 1586 1238 ducentem
1621 1192 1673 1237 in
1711 1190 1811 1256 Iege

393 1271 614 1333 peccati'.
647 1272 790 1334 Ergo,
819 1270 858 1317 si
878 1278 924 1316 te
951 1269 1150 1317 senseris
1168 1269 1408 1334 captivum
1429 1266 1604 1316 abduci
1631 1267 1681 1314 in
1709 1267 1812 1330 lege

398 1348 578 1412 peccati
592 1385 604 1409 ‚
639 1357 741 1396 tuta
763 1349 970 1395 frontem
994 1356 1128 1395 tuam
1151 1347 1287 1410 signo
1308 1346 1462 1394 crucis
1483 1345 1680 1410 insigni,
1713 1360 1815 1409 quo

398 1426 636 1491 propellas
657 1427 870 1491 jaculum
888 1426 1032 1490 hujus
1054 1425 1234 1474 insidiae
1249 1463 1262 1487 ‚
1286 1426 1417 1490 quia,
1439 1425 1573 1489 juxta
1599 1423 1811 1472 Pruden-

400 1502 538 1549 tium³
560 1520 571 1550 z

755 1583 868 1624 Crux
890 1581 1009 1640 pellit
1029 1596 1157 1623 omne
1173 1580 1333 1622 crimen
1351 1595 1361 1622 :

756 1654 942 1711 Fugiunt
962 1668 1130 1696 crucem
1151 1651 1371 1704 tenebrae„

785 1723 878 1766 Tali
897 1723 1037 1766 dicata
1056 1725 1176 1783 signo

758 1795 881 1837 Mens
898 1793 1102 1838 fluctuare
1123 1795 1271 1838 nescit.

469 1900 587 1945 Nam
609 1897 760 1962 qualis
781 1898 843 1944 sit
868 1897 1010 1960 hujus
1041 1897 1196 1944 vexilli
1230 1894 1526 1945 sacratissimi
1553 1893 1810 1954 fortitudo,

405 1974 521 2038 quid
543 1975 791 2037 contigerit
811 1990 964 2039 nuper
982 1975 1217 2021 evolvam.

972 2129 1130 2164 CAPUT
1154 2130 1216 2164 CV
1218 2129 1268 2166 11.

850 2221 902 2256 De
918 2220 1116 2255 Pannichio
1131 2220 1336 2268 presbytero
1345 2218 1374 2253 ⁴.

474 2308 777 2372 Pannichius,
801 2310 1102 2357 Pictaviensis
1124 2308 1311 2356 termini
1336 2305 1596 2372 presbyter,
1620 2304 1736 2351 dum
1758 2303 1819 2351 ad

407 2387 679 2435 convivium
700 2404 812 2434 cum
845 2387 1006 2435 amicis
1030 2402 1150 2450 quos
1168 2393 1445 2432 evocaverat
1463 2381 1713 2442 resideret,
1731 2396 1821 2445 po-

462 2582 515 2627 (1)
535 2582 619 2620 Gal.
643 2595 691 2630 v,
712 2584 778 2621 17.

462 2644 518 2690 (2)
535 2645 646 2683 Rom.
670 2658 747 2691 vu,
768 2646 835 2683 23.

462 2707 518 2753 (3)
536 2705 617 2743 Lib.
643 2707 980 2753 Cafflaemerinon,
1001 2717 1120 2745 carm.
1142 2719 1204 2752 vx,
1225 2718 1325 2744 vers.
1353 2707 1443 2744 133.

463 2768 518 2817 (Ιι)
534 2768 629 2806 Bell.
644 2777 683 2807 et
693 2770 758 2808 alii
774 2784 783 2808 :
801 2773 862 2808 De
878 2773 1156 2819 importunitate
1167 2773 1407 2819 mascaesigno
1418 2770 1582 2818 episcopt·
1591 2776 1732 2804 aversa.
1745 2766 1824 2813 (R.)

412 2831 574 2881 —signo
591 2836 710 2868 crucis
733 2845 874 2878 averse,
895 2833 1013 2870 2205.
