2002 3418
375 326 451 362 270
769 327 833 363 DE
863 326 1047 364 GLORIA
1081 325 1375 363 MARTYRUM.

374 430 539 462 eorum
566 415 833 480 sepulcrum
854 414 948 462 fide
982 415 1151 479 plenus
1181 414 1385 461 oraverit
1399 450 1413 475 ‚
1437 413 1592 461 statim
1622 413 1774 479 adipi-

374 492 517 539 scitur
544 492 844 540 medicinam.
877 492 1098 540 Referunt
1131 492 1274 539 etiam
1304 491 1517 556 plerique
1551 507 1776 556 apparere

375 586 458 616 eos
481 587 566 635 per
597 571 749 617 visum
774 563 1106 633 languentibus
1131 579 1178 616 et
1205 568 1321 632 quid
1345 568 1517 616 faciant
1533 568 1772 616 indicare:

375 648 508 711 quod
531 665 643 694 cum
667 648 888 708 fecerint,
913 648 1014 695 sani
1042 646 1306 694 discedunt.
1337 648 1400 692 Ex
1430 645 1603 709 quibus
1631 645 1780 693 multa

374 724 562 786 audivi,
591 741 696 788 quae
725 725 912 789 insequi
939 726 1136 788 longum
1167 724 1360 789 putavi,
1386 723 1482 770 hoc
1513 723 1781 770 existimans

372 817 509 865 posse
530 800 744 849 sufficere
766 802 900 865 quod
918 802 1031 849 dixi.
1061 801 1229 848 Cuncti
1251 800 1449 848 fideliter
1475 799 1781 865 deprecantes

374 879 476 925 sani
491 878 820 927 discesserunt.

925 977 1081 1014 CAPUT
1106 977 1237 1015 XCIX.

839 1061 891 1095 De
907 1059 1041 1108 inclyto
1056 1068 1210 1108 martyre
1224 1061 1328 1095 Foca.

440 1144 611 1189 Focas¹
635 1157 827 1206 quoque
857 1151 1058 1205 martyr,
1087 1151 1134 1189 et
1166 1143 1264 1206 ipse
1294 1141 1369 1189 his
1399 1139 1682 1205 martyribus
1712 1156 1784 1188 re-

376 1220 516 1283 gione
546 1207 827 1283 conjunctus
847 1256 859 1280 ‚
894 1219 1023 1284 apud
1053 1220 1236 1284 Syriam
1265 1218 1541 1282 requiescit;
1574 1219 1656 1282 qui
1680 1225 1787 1282 post

376 1298 547 1344 multas
561 1334 573 1357 ‚
603 1313 721 1360 quas
750 1313 840 1362 pro
866 1298 1061 1344 nomine
1089 1297 1413 1362 Redemptoris
1436 1305 1506 1343 est
1529 1311 1693 1361 passus
1718 1293 1787 1341 in-

374 1374 539 1437 jurias,
561 1374 761 1438 qualiter
782 1374 842 1420 de
866 1375 1062 1438 antiquo
1085 1374 1166 1421 illo
1197 1383 1412 1439 serpente
1432 1370 1788 1437 triumphaverit

376 1453 614 1516 hodieque
636 1452 824 1518 populis
842 1451 1124 1500 declaratur.
1141 1453 1375 1516 Denique,
1396 1452 1435 1500 si
1454 1452 1505 1499 in
1517 1450 1787 1516 quempiam

377 1528 427 1574 in
463 1527 534 1574 his
563 1528 679 1575 locis
711 1527 908 1575 coluber
932 1545 1145 1575 morsum
1181 1529 1413 1591 stringens
1433 1542 1618 1574 venena
1647 1525 1787 1573 diffii-

378 1605 521 1666 derit‚
543 1607 778 1671 extemplo
795 1607 878 1669 qui
902 1623 1148 1671 percussus
1166 1616 1258 1667 est,
1284 1615 1335 1652 ut
1358 1606 1553 1668 januam
1571 1603 1675 1651 atrii
1691 1619 1788 1666 quo

379 1692 556 1745 martyr
600 1683 797 1744 quiescit
847 1683 1049 1745 attigerit
1063 1719 1076 1743 ,
1113 1697 1382 1745 compresso
1425 1689 1610 1726 tumore
1626 1716 1639 1740 ‚
1678 1694 1787 1726 eva-

379 1769 518 1807 cuata
549 1759 718 1806 virtute
754 1759 952 1820 veneni,
988 1759 1210 1806 salvatur.
1242 1761 1311 1805 Ex
1338 1757 1512 1820 quibus
1537 1756 1784 1818 nonnulli,

380 1846 433 1882 ut
454 1836 638 1883 celebre
659 1837 902 1899 vulgatum
925 1846 1010 1897 est,
1028 1837 1129 1899 jam
1150 1835 1320 1882 tumidi
1341 1835 1475 1882 malae
1490 1833 1650 1881 bestiae
1672 1834 1785 1894 ictu,

378 1912 479 1976 jam
517 1923 619 1959 toto
645 1929 845 1976 corpore
878 1912 1164 1958 incrassante
1194 1926 1380 1957 veneno
1405 1910 1453 1956 in
1483 1910 1580 1957 hoc
1608 1908 1791 1974 perflati

381 1999 434 2035 ut
451 1986 667 2055 spiritum
695 1989 967 2039 exhalarent
982 2026 994 2050 ‚
1019 1989 1140 2035 inter
1166 2005 1335 2036 manus
1365 1987 1506 2035 delati
1526 1987 1641 2034 etin
1671 1987 1791 2034 atrio

382 2068 545 2130 positi,
574 2077 683 2115 sunt
706 2067 856 2114 sanati
879 2085 891 2112 :
925 2063 1013 2114 nec
1037 2082 1251 2129 unquam
1277 2065 1341 2112 ob
1374 2065 1469 2112 hoc
1497 2064 1627 2112 virus
1657 2063 1791 2112 obire

382 2145 627 2193 hominem
665 2145 732 2192 fas
759 2154 828 2193 est
845 2182 859 2206 ‚
891 2145 930 2193 si
959 2160 1146 2192 sacrum
1175 2144 1320 2191 limen
1358 2142 1451 2190 fide
1486 2134 1655 2207 plenus
1686 2143 1790 2189 atti-

385 2225 516 2286 gerit.

974 2287 1130 2322 CAPUT
1154 2286 1195 2322 C.

808 2362 861 2395 De
878 2359 1018 2406 egregio
1036 2366 1188 2405 martyre
1207 2357 1376 2392 Domitio.

452 2441 684 2488 Domitius
707 2441 927 2504 equidem
958 2439 1076 2486 alius
1097 2447 1274 2501 martyr
1294 2438 1344 2484 in
1365 2437 1479 2484 hac¹
1499 2436 1698 2485 habetur
1718 2451 1791 2482 re·

440 2625 492 2670 (1)
509 2623 570 2660 An
588 2621 689 2660 idem
713 2621 760 2660 sit
785 2620 850 2672 qui
874 2619 1098 2658 hortulanus
1122 2619 1224 2671 apud
1247 2621 1441 2671 Synopem
1465 2619 1580 2667 vixit,
1606 2619 1747 2671 quique
1768 2632 1790 2657 a

388 2692 517 2722 sancto
537 2683 686 2721 Asterio
701 2686 893 2722 Amaseno
910 2680 1100 2732 laudatur,
1118 2694 1197 2720 non
1213 2681 1309 2719 adeo
1329 2690 1474 2720 certum
1494 2690 1563 2720 est.
1587 2679 1681 2719 Vide
1697 2683 1791 2720 Acta

389 2755 499 2784 mart.
520 2746 687 2794 sincera,
707 2758 795 2797 pag.
819 2745 911 2791 627,
932 2752 969 2780 et
986 2743 1159 2782 Bolland.
1182 2744 1233 2782 ad
1253 2746 1276 2782 5
1293 2743 1431 2782 martii.
1451 2745 1538 2791 (R.)

443 2811 495 2859 (Ξ)
513 2811 572 2847 An
578 2837 657 2855 .....
681 2811 704 2847 5
717 2807 815 2856 julii.
842 2806 1048 2846 Domitium
1077 2807 1115 2844 in
1143 2806 1250 2857 Syria
1276 2801 1438 2857 passum'
1451 2813 1662 2859 memorant
1689 2805 1788 2844 Lati-
