2002 3418
278 327 356 371 248
675 334 742 371 DE
769 333 957 372 GLORIA
982 333 1280 372 MARTYRUM.

796 462 953 497 CAPUT
977 461 1185 498 LXXXIX.

368 550 451 586 Non
469 550 622 598 potuisse
636 548 786 586 cadaver
801 549 975 586 Antonini
991 549 1148 585 scelerati
1164 550 1203 584 i11
1218 547 1292 584 aede
1308 548 1418 585 sancti
1432 549 1611 585 vincentii

880 611 1058 657 quiescere
1072 611 1096 644 ¹.

349 698 484 763 Apud
516 696 687 745 urbem
716 699 845 746 enim
873 699 1163 747 Tolosatium
1184 698 1342 745 ferunt
1365 697 1503 745 Fuisse
1534 714 1699 763 quem-

281 777 420 836 dam,
458 777 750 823 Antoninum
771 777 966 823 nomine
981 815 993 838 ‚
1023 778 1241 840 iniquum
1266 777 1314 823 in
1338 779 1492 823 Deum
1516 785 1564 823 et
1597 793 1700 823 om-

281 855 424 902 nibus
443 853 722 901 hominibus
743 854 972 901 odibilem
986 892 998 915 ‚
1020 871 1077 902 eo
1100 854 1232 919 quod
1249 855 1397 901 multa
1412 863 1703 919 perpetraret

282 933 474 980 scelera.
503 934 699 978 Factum
714 940 784 978 est
798 941 958 979 autem
973 941 1048 991 ut,
1068 933 1272 997 impletis
1292 932 1478 991 diebus,
1496 933 1704 996 migrans

283 1026 313 1057 a
333 1009 524 1069 saeculo,
545 1009 594 1055 in
611 1007 806 1055 basilica
822 1008 951 1055 beati
967 1009 1203 1056 Vincentii
1225 1010 1516 1075 sepeliretur,
1536 1009 1587 1056 in
1609 1026 1704 1074 qua

283 1089 384 1152 ipse
397 1086 487 1133 sibi
498 1086 662 1133 vivens
679 1101 761 1132 vas
777 1083 1279 1150 deposuerat.Verum,
1300 1086 1385 1133 ubi
1401 1097 1599 1134 cunctos
1614 1087 1703 1134 sub

284 1166 379 1212 alta
402 1164 555 1211 noctis
576 1163 760 1211 silentia
780 1180 926 1229 sopor
957 1165 1155 1229 arripuit
1181 1175 1229 1212 et
1243 1181 1410 1212 omnes
1430 1165 1706 1214 blandiente

285 1260 457 1291 somno
490 1242 730 1290 dedissent
756 1242 974 1290 membra
1005 1243 1176 1307 quieti,
1214 1243 1534 1308 sarcophagus
1568 1244 1646 1292 ille
1680 1261 1709 1293 a

287 1331 452 1368 sancta
481 1319 677 1367 basilica
708 1336 795 1385 per
822 1320 1075 1368 fenestram
1104 1320 1351 1386 projicitur
1382 1330 1438 1368 et
1471 1320 1520 1367 in
1549 1320 1708 1369 medio

288 1398 546 1464 deponitur
567 1397 689 1444 atrii.
719 1398 858 1445 Mane
892 1407 1052 1445 autem
1086 1398 1210 1446 facto
1228 1436 1241 1460 ‚
1278 1397 1345 1445 ibi
1379 1407 1590 1464 repertus
1620 1408 1706 1461 est,

290 1476 540 1524 effractum
563 1491 705 1540 super
734 1492 783 1523 se
811 1476 1106 1541 opertorium
1130 1476 1330 1524 habens.
1358 1476 1574 1539 Denique
1599 1491 1711 1541 pro-

291 1555 460 1619 pinqui
500 1554 624 1601 illius
661 1570 761 1601 non
806 1555 1117 1618 intelligentes
1163 1555 1384 1601 virtutem
1429 1555 1516 1601 Dei
1556 1570 1712 1618 neque

294 1632 548 1679 sentientes
573 1632 725 1679 sancti
751 1632 974 1696 injuriam
989 1670 1001 1691 ‚
1029 1634 1078 1679 in
1107 1633 1241 1696 cujus
1259 1633 1438 1697 templo
1461 1632 1712 1696 indignum

293 1719 470 1757 temere
513 1710 794 1774 sepelierant
812 1748 824 1771 ,
871 1711 1043 1757 iterum
1074 1710 1292 1775 deposito
1329 1710 1623 1775 sarcophago
1663 1711 1711 1757 in

293 1787 402 1834 loco
439 1788 489 1833 in
523 1803 621 1850 quo
651 1788 783 1851 prius
815 1787 965 1834 fuerat
980 1824 992 1848 ,
1028 1787 1168 1834 altius
1204 1787 1518 1834 suffoderunt.
1563 1787 1714 1834 Altera

293 1879 408 1911 vero
421 1864 721 1912 illucescente
739 1863 835 1926 die,
854 1866 1140 1919 invenerunt
1152 1880 1263 1910 eum
1279 1865 1451 1911 iterum
1470 1863 1583 1911 foris
1597 1863 1715 1927 ejec-

294 1952 399 1989 tum
435 1943 486 1988 in
529 1941 689 1988 medio
724 1958 824 1988 esse
859 1942 994 2002 atrii,
1043 1951 1090 1988 et
1134 1941 1200 1987 sic
1240 1941 1571 1989 intellexerunt
1612 1956 1716 1987 ma-

296 2020 454 2083 gnalia
480 2020 584 2066 Dei.
615 2020 683 2065 Ex
704 2018 800 2065 hoc
818 2020 948 2066 enim
981 2035 1011 2066 a
1038 2019 1173 2065 nullo
1202 2028 1354 2066 tactus
1387 2035 1538 2083 usque
1571 2017 1717 2065 hodie

217 2144 220 2146 ,
297 2098 346 2144 in
381 2097 491 2144 loco
527 2113 625 2161 quo
661 2097 837 2160 ejectus
870 2105 940 2143 est
978 2097 1028 2143 in
1070 2097 1395 2144 testimonium
1433 2105 1712 2144 reservatur.

298 2178 407 2223 Haec
430 2176 490 2224 de
510 2176 769 2224 temerariis
788 2175 914 2223 dicta
933 2174 1184 2223 sufficiant.

879 2312 1035 2346 CAPUT
1059 2311 1137 2347 XC.

707 2402 759 2434 De
770 2399 961 2435 Vincentio
973 2408 1126 2447 martyre
1141 2398 1309 2446 glorioso.

366 2486 643 2533 Vincentius
660 2495 837 2545 autem,
870 2485 946 2532 vel
966 2485 1109 2532 levita
1129 2484 1206 2531 vel
1236 2493 1413 2547 martyr
1438 2483 1672 2548 Hispanus
1686 2485 1716 2543 ²,

355 2650 410 2697 (1)
429 2651 488 2686 De
504 2652 670 2699 sepulcro
690 2650 837 2700 indigni
853 2649 1027 2693 hominis,
1049 2649 1169 2687 2205.

357 2714 412 2760 (Ξ)
433 2712 533 2751 Clar.
562 2726 607 2760 a,
638 2712 746 2752 Colb.
774 2726 818 2761 a,
849 2713 990 2759 (2204,
1018 2712 1136 2758 5292)
1165 2720 1202 2749 et
1234 2711 1323 2749 editi
1353 2710 1546 2763 plerique,
1572 2711 1721 2760 Hispa-

305 2778 398 2824 niis‚·
411 2775 475 2814 alii
490 2776 685 2826 Hispanis.
700 2779 759 2814 De
771 2774 1022 2814 celeberrimo
1034 2773 1109 2812 hoc
1128 2783 1295 2825 martyre
1312 2774 1424 2826 plura
1441 2786 1647 2825 congerere
1660 2786 1724 2810 su-

305 2839 494 2892 perfluum
514 2847 624 2877 esset.
645 2838 791 2878 videsis
809 2840 904 2876 Acta
923 2846 1133 2889 martyrum
1153 2837 1321 2884 sincera,
1341 2850 1429 2889 pag.
1453 2839 1545 2875 387.
1564 2837 1643 2885 (R.)
