2002 3418
420 325 498 362 384
722 327 788 363 DE
816 328 1085 366 MIRACULIS
1115 330 1286 368 SANCTI
1314 333 1524 370 JULIANI.

417 429 533 478 quo,
567 413 894 478 ingruentibus
922 418 1127 482 peccatis
1154 419 1347 484 populi,
1374 422 1581 469 Arverna
1611 423 1740 486 regio
1765 423 1826 471 ab

414 492 598 540 excidio
628 494 719 541 luis
741 510 887 558 quam
906 495 1224 559 inguinariam
1244 506 1421 544 vocant
1445 497 1820 563 devastabatur¹,

415 586 504 633 ego
534 571 877 619 Brivatensem’
897 573 1057 620 vicum
1079 574 1270 638 expetii,
1300 574 1478 622 scilicet
1498 584 1553 622 ut
1577 576 1660 640 qui
1688 577 1828 624 meri-

415 649 474 696 tis
513 650 655 697 tutari
689 650 977 715 nequibam,
1010 651 1138 700 beati
1170 653 1388 717 martyris
1420 653 1593 700 Juliani
1623 653 1829 702 salvarer

413 726 650 791 praesidio.
689 730 743 774 In
773 743 871 791 quo
902 727 1020 775 dum
1054 746 1379 777 commorarer
1411 730 1535 792 vico,
1566 747 1690 778 unus
1710 747 1829 796 puer

414 820 470 850 ex
501 804 673 852 nostris
704 803 766 852 ab
791 805 888 852 hoc
910 805 1082 853 morbo
1106 807 1378 872 corripitur,
1410 807 1733 872 reclinatoque
1765 807 1827 855 ad

414 881 644 929 lectulum
667 882 845 947 capite,
874 884 1076 947 graviter
1095 895 1322 949 aegrotare
1344 887 1503 951 coepit.
1533 889 1645 933 Erat
1669 895 1827 933 autem

415 958 557 1007 febris
587 959 776 1007 assidua
802 977 914 1008 cum
935 962 1169 1010 stomachi
1190 963 1376 1028 pituita,
1403 963 1468 1010 ita
1490 973 1559 1026 ut,
1588 964 1626 1010 si
1649 963 1829 1028 aliquid

413 1038 672 1103 acciperet,
700 1038 950 1086 confestim
978 1039 1212 1103 rejiceret3
1242 1057 1332 1088 nec
1363 1051 1464 1089 erat
1485 1042 1530 1088 ei
1557 1040 1691 1089 cibus
1716 1028 1843 1089 con-¹

413 1114 622 1177 fortatio,
665 1115 748 1163 sed
777 1116 927 1179 magis
959 1117 1111 1164 exitus
1142 1117 1415 1182 putabatur.
1459 1119 1677 1183 Denique
1713 1119 1824 1180 mei,

413 1208 525 1239 cum
551 1192 770 1240 viderent
791 1209 903 1240 eum
926 1193 976 1240 in
1001 1203 1212 1242 extrema
1231 1194 1416 1254 vexari,
1441 1194 1645 1242 ariolum
1666 1210 1829 1259 quem-

413 1270 526 1319 dam
552 1273 793 1320 invocant.
828 1272 911 1320 Ille
937 1288 1053 1341 vero
1076 1274 1238 1321 venire
1265 1290 1367 1321 non
1389 1273 1615 1321 differens
1636 1274 1830 1322 accessit

412 1349 474 1396 ad
497 1359 743 1414 aegrotum,
768 1360 816 1398 et
835 1360 987 1398 artem
1007 1367 1144 1398 suam
1164 1368 1381 1399 exercere
1409 1361 1628 1399 conatur.
1654 1354 1827 1400 Incan-
1886 1381 1893 1391 ›

412 1428 615 1475 tationes
646 1428 1011 1490 immurmurat,
1050 1438 1201 1476 sortes
1229 1429 1404 1494 jactat,
1445 1429 1670 1493 ligaturas
1702 1428 1827 1476 collo

413 1504 679 1570 suspendit,
714 1506 949 1571 promittit
981 1505 1138 1554 vivere
1162 1522 1307 1570 quem
1339 1506 1441 1571 ipse
1474 1506 1829 1571 mancipaverat

412 1582 571 1629 morti.
610 1585 719 1629 Haec
758 1591 919 1630 autem
951 1599 1029 1630 me
1060 1583 1221 1631 nescio
1253 1582 1516 1647 agebantur
1523 1601 1538 1642 3
1577 1599 1681 1647 quae
1717 1599 1830 1631 cum

414 1659 530 1706 mihi
569 1659 724 1707 delata
764 1659 960 1708 fuissent
974 1697 987 1720 ‚
1032 1661 1352 1709 amarissimus
1397 1660 1591 1722 reddor,
1634 1670 1681 1707 et
1716 1677 1828 1707 cum

412 1737 543 1800 gravi
575 1738 778 1802 suspirio
804 1737 923 1784 illud
950 1754 1303 1800 commemoro,
1329 1739 1462 1803 quod
1482 1738 1717 1785 Dominus
1743 1754 1830 1803 per

413 1815 564 1863 Eliam
585 1816 873 1882 prophetam
894 1816 1019 1864 Oziae
1041 1817 1139 1880 regi
1156 1817 1451 1882 pronuntiat,
1478 1815 1641 1863 dicens
1664 1833 1675 1862 ι
1702 1817 1828 1876 Quia

411 1895 709 1962 dereliquisti
750 1897 992 1944 dominum
1038 1901 1193 1944 Deum
1243 1896 1403 1944 Israel
1460 1907 1509 1944 et
1554 1894 1833 1942 consuluisti

411 1973 548 2021 deum
574 1973 798 2022 Acharon
815 2012 827 2036 ,
861 1973 963 2022 ideo
990 1973 1047 2021 de
1073 1973 1242 2021 lectulo
1268 1975 1318 2020 in
1339 1990 1430 2039 quo
1458 1971 1714 2022 ascendisti
1733 1989 1828 2019 non

412 2067 691 2117 consurges,
723 2051 808 2099 sed
844 2064 996 2100 morte
1019 2053 1280 2099 morl‘eris'.
1317 2055 1438 2099 Nam
1473 2051 1577 2112 iste,
1610 2060 1718 2116 post
1749 2050 1830 2098 ad-

411 2138 608 2177 ventum
632 2130 769 2177 arioli
791 2129 995 2178 validius
1025 2129 1156 2177 febre
1184 2146 1460 2191 succensus,
1487 2128 1715 2194 spiritum
1748 2145 1829 2175 ex-

411 2208 611 2271 halavit3
637 2210 771 2272 cujus
798 2220 907 2275 post
930 2209 1117 2257 obitum
1139 2209 1425 2274 interpositis
1445 2207 1611 2273 paucis
1632 2205 1824 2268 diebus,

411 2304 531 2352 puer
549 2288 668 2351 alius
684 2289 825 2335 simili
841 2288 1060 2336 laborare
1079 2289 1222 2354 coepit
1237 2286 1565 2355 incommodo.
1589 2289 1720 2337 Tunc
1738 2302 1827 2351 ego

410 2365 477 2412 eis
498 2366 665 2431 inquio
688 2384 699 2412 ε
722 2385 747 2411 «
763 2366 979 2414 Accedite
993 2366 1055 2414 ad
1074 2365 1290 2429 martyris
1308 2363 1547 2411 tumulum
1560 2401 1574 2425 ,
1589 2373 1637 2411 et
1648 2362 1827 2428 aliquid

410 2441 581 2489 exinde
608 2442 671 2490 ad
700 2453 930 2506 aegrotum
966 2443 1213 2508 deportate
1228 2478 1241 2501 ,
1272 2451 1320 2488 et
1341 2439 1564 2488 videbitis
1591 2438 1827 2503 magnalia

411 2519 517 2581 Dei,
547 2530 689 2584 atque
717 2522 1012 2585 cognoscetis
1043 2519 1159 2585 quid
1190 2519 1249 2567 sit
1277 2519 1400 2566 inter
1424 2518 1607 2582 justum
1633 2528 1681 2566 et
1701 2517 1826 2582 inju-

465 2706 518 2753 (1)
536 2705 622 2744 Vid.
645 2706 744 2745 Hist.
767 2705 835 2745 lib.
855 2708 923 2753 IV,
944 2718 1031 2757 cap.
1053 2717 1162 2742 xxxx.
1185 2703 1280 2742 Vide
1295 2712 1333 2742 et
1349 2706 1409 2742 De
1425 2716 1540 2742 cursu
1557 2701 1766 2742 stellarum.

464 2767 520 2815 (2)
536 2770 784 2806 Brivatinsim
803 2797 814 2815 ‚
840 2770 959 2806 2204.

466 2830 523 2879 (3)
539 2831 590 2867 1v
608 2831 703 2881 neg.
722 2844 756 2877 1,
778 2833 844 2868 16.
