2002 3418
389 352 463 390 3⁷8
690 353 756 389 DE
782 353 1054 391 MIRACULIS
1081 351 1251 390 SANCTI
1277 353 1487 390 JULIANI.

385 446 812 495 verecundissimus
826 485 838 509 ,
866 447 951 495 diu
970 456 1239 507 cunctatuS,
1264 445 1458 493 tandem
1474 445 1575 493 haec
1593 455 1640 493 et
1659 446 1798 495 valde

385 523 559 572 invitus
577 525 820 590 exposuit:
845 544 867 570 «
893 524 1118 586 Quando,
1145 523 1319 588 inquit,
1348 524 1557 588 primum
1573 522 1702 572 beati
1722 525 1799 572 Ju-

386 601 500 649 liani
513 601 639 649 adivi
650 601 913 664 basilicam,
926 618 1182 668 parumper
1194 616 1312 648 cerae
1324 616 1352 648 a
1368 601 1585 666 sepulcro
1600 601 1766 648 sustuli
1782 621 1794 648 :

384 678 496 726 inde
514 680 710 728 veniens
734 679 796 728 ad
823 680 1004 728 fontem
1029 681 1079 727 in
1103 695 1200 744 quo
1224 677 1350 726 beati
1370 679 1589 743 martyris
1611 679 1800 742 sanguis

385 756 560 804 effusus
582 767 674 817 est,
701 757 863 806 abluta
885 758 1020 823 aquis
1041 757 1182 818 facie,
1212 773 1409 822 parvam
1431 755 1492 803 ab
1514 755 1589 802 his
1606 772 1696 820 pro
1716 754 1800 802 be-

386 834 656 882 nedictione
678 836 914 900 complevi
936 835 1212 900 ampullam.
1233 838 1395 882 Testor
1423 834 1802 899 omnipotentem

384 914 539 959 Deum
561 913 696 976 quia,
721 921 977 976 antequam
996 913 1058 960 ad
1077 913 1278 960 domum
1300 912 1599 974 accederem,
1620 912 1798 974 colore,

385 990 685 1054 spissitudine
698 1001 840 1057 atque
854 990 1004 1038 odore
1026 992 1076 1037 in
1101 991 1370 1039 balsamum
1395 1000 1687 1038 commutata
1713 1000 1797 1037 est.

387 1067 591 1114 Veniens
619 1084 734 1114 vero
770 1067 990 1116 sacerdos
1025 1067 1087 1115 ad
1119 1068 1435 1116 dedicandam
1473 1067 1649 1127 aedem,
1691 1084 1803 1114 cum

385 1142 485 1191 haec
520 1144 841 1209 exposuissem
857 1182 869 1206 ,
909 1143 1029 1191 nihil
1064 1145 1195 1192 aliud
1233 1161 1323 1210 pro
1364 1145 1574 1208 reliquiis
1611 1145 1663 1191 in
1695 1160 1804 1192 san-

385 1231 516 1268 ctum
548 1222 693 1270 altare
717 1221 926 1270 condere
955 1222 1107 1270 voluit
1134 1223 1226 1270 nisi
1249 1222 1495 1270 vasculum
1518 1221 1652 1285 cujus
1681 1237 1804 1286 aqua

385 1298 435 1344 in
459 1298 1042 1348 balsamum'commutata
1063 1299 1242 1361 fuerat,
1286 1299 1449 1347 dicens
1477 1318 1489 1345 :
1528 1319 1550 1343 α
1577 1301 1659 1345 Hae
1696 1309 1806 1346 sunt

390 1395 414 1421 «
441 1387 578 1424 certae
600 1379 826 1443 reliquiae,
851 1394 970 1443 quas
1002 1387 1181 1442 martyr
1210 1377 1513 1444 paradisiacis
1554 1375 1806 1424 virtutibus

391 1474 413 1498 «
439 1455 702 1504 illustravit.
735 1477 757 1500 »

955 1521 1111 1558 CAPUT
1135 1520 1232 1558 XLI.

886 1603 938 1638 De
951 1602 1146 1651 paralytico
1161 1609 1295 1637 sanato.

452 1682 599 1729 Multa
625 1681 821 1747 quidem
841 1692 888 1729 et
911 1682 1002 1729 alia
1027 1692 1137 1729 sunt
1150 1717 1164 1742 ,
1190 1680 1250 1728 de
1268 1679 1441 1744 quibus
1458 1680 1663 1745 plurima
1685 1696 1806 1744 prae-

388 1760 676 1821 termittens,
701 1760 861 1824 aliqua
879 1759 1060 1824 pando.
1091 1758 1312 1806 Infirmus
1333 1757 1554 1822 quidam,
1579 1756 1804 1804 omnibus

388 1835 616 1883 membris
638 1835 808 1883 debilis
822 1873 835 1898 ,
859 1836 1071 1901 plaustro
1091 1836 1340 1901 impositus
1363 1834 1425 1882 ad
1446 1834 1547 1898 ejus
1570 1843 1806 1882 monaste-

388 1913 515 1960 rium
533 1923 604 1961 est
623 1913 874 1961 adductus.
902 1914 1020 1974 Qui,
1052 1929 1164 1959 cum
1182 1914 1292 1960 ante
1313 1913 1466 1977 ipsam
1485 1910 1731 1958 basilicam
1754 1911 1804 1957 in

387 1991 483 2039 hoc
507 1992 726 2039 vehiculo
752 2000 894 2038 nocte
919 1991 1120 2054 jaceret,
1151 1990 1279 2038 videt
1306 2005 1414 2037 eam
1441 1988 1598 2037 subito
1629 2003 1806 2052 magno

389 2069 641 2134 splendore
664 2069 943 2134 fulgentem3
970 2084 1206 2132 vocesque
1224 2068 1275 2114 in
1298 2084 1355 2121 ea
1374 2066 1678 2133 psallentium
1704 2075 1805 2113 tan-

389 2163 535 2212 quam
565 2148 826 2195 multorum
850 2147 1105 2194 hominum
1136 2145 1376 2195 audiebat.
1410 2147 1538 2192 Dum
1563 2144 1665 2191 haec
1691 2159 1806 2206 age-

389 2235 553 2273 rentur
573 2235 619 2272 et
640 2225 718 2273 ille
734 2226 1003 2273 orationem
1022 2224 1256 2286 funderet,
1288 2224 1422 2288 quasi
1447 2233 1638 2288 stupens
1657 2221 1806 2269 factus

390 2319 479 2349 nec
515 2320 703 2350 memor
744 2303 992 2364 dolorum,
1020 2318 1079 2348 eo
1101 2303 1540 2368 appropinquante,
1581 2298 1807 2365 splendor

391 2398 535 2445 quem
558 2381 741 2429 viderat
765 2381 986 2447 praeteriit
1017 2390 1126 2427 ante
1159 2379 1324 2427 oculos
1342 2379 1457 2443 ejus.
1494 2381 1552 2425 At
1579 2377 1680 2439 ifle,
1718 2376 1807 2424 ful-

391 2476 505 2523 gore
527 2460 740 2522 demotO,
766 2461 817 2508 in
839 2476 888 2507 se
913 2474 1144 2519 reversus,
1175 2457 1319 2505 sensit
1348 2473 1397 2505 se
1429 2456 1635 2522 pristinae
1669 2453 1806 2502 saluti

392 2548 739 2602 recuperatum.

947 2604 1103 2641 CAPUT
1126 2604 1244 2640 XLII.

910 2687 962 2721 De
977 2697 1068 2721 caeco
1083 2685 1295 2735 illuminatO.

459 2773 618 2819 Caecus
651 2787 867 2836 quoque,
903 2769 1193 2819 adminiculo
1224 2768 1486 2817 deducente
1499 2804 1512 2830 ,
1546 2766 1609 2815 ad
1636 2781 1803 2814 sacro-

395 2858 612 2897 sanctum
632 2848 776 2897 altare
802 2848 902 2913 ejus
924 2847 1153 2896 accedens
1170 2844 1195 2907 ,'
1208 2846 1325 2894 dum
1346 2845 1406 2893 de
1430 2844 1670 2910 opertorio
1699 2858 1804 2890 san-
