2002 3418
402 353 478 390 386
698 355 765 392 DE
791 355 1058 393 MIRACULIS
1089 356 1260 394 SANCTI
1292 358 1505 396 IULIANI.

400 451 525 489 stum
549 451 596 489 et
614 443 738 491 inter
759 443 1004 492 timentem
1021 446 1175 492 Deum
1187 454 1234 492 et
1247 462 1345 493 non
1363 448 1484 494 servi
1496 458 1654 496 entem
1671 449 1754 496 illi.
1775 471 1798 494 a

399 518 687 570 Accedentes
705 531 863 570 autem
881 538 1137 589 parumper
1159 522 1364 588 pulveris
1391 525 1515 572 circa
1537 526 1804 591 sepulcrum

393 596 591 660 jacentis
619 599 921 649 sustulerunt.
957 603 1026 647 De
1058 616 1155 664 quo
1186 609 1238 647 ut
1265 601 1422 649 hausit
1449 602 1666 651 infirmus
1693 620 1803 652 cum

396 690 544 740 aqua,
584 677 801 741 protinus
834 688 1072 726 assecutus
1105 688 1175 725 est
1207 678 1519 739 medicinam,
1555 697 1803 746 recupera-

396 754 547 819 tisque
573 756 751 805 viribus
778 773 835 804 ac
862 758 1084 805 restincta
1111 757 1241 806 febre
1268 759 1527 807 convaluit.
1560 759 1803 823 Intelligite

394 848 506 896 ergo
534 850 686 897 nunc,
721 851 751 881 o
775 851 943 883 omnes
971 836 1054 899 qui
1084 835 1357 901 insipientes
1383 837 1490 883 estis
1513 836 1563 883 in
1591 835 1772 901 populo
1786 874 1799 899 ,

393 919 456 971 et,
484 921 739 976 postquam
762 912 852 959 ista
872 911 1199 976 discusseritis,
1225 914 1389 961 scitote
1412 914 1525 979 quia
1552 913 1672 961 nihil
1693 923 1802 962 sunt

390 1004 494 1051 quae
522 988 584 1036 ad
613 987 939 1036 seducendum
965 989 1231 1038 humanum
1262 1008 1408 1055 genus
1430 990 1658 1039 Diabolus
1676 1007 1801 1056 ope-

389 1074 535 1111 ratur.
569 1065 684 1112 Ideo
715 1082 894 1113 moneo
919 1076 973 1113 ut
1001 1067 1040 1114 si
1062 1068 1168 1131 quis
1185 1068 1358 1116 vexillo
1380 1069 1531 1117 crucis
1563 1069 1793 1132 signatus,

386 1144 423 1190 si
446 1143 552 1208 quis
572 1143 798 1210 baptismi
819 1144 1064 1194 ablutione
1085 1145 1358 1209 mundatus,
1384 1147 1422 1195 si
1444 1148 1550 1212 quis
1569 1157 1797 1195 vetustate

384 1220 601 1286 deposita
624 1222 676 1269 in
703 1239 832 1271 novo
860 1239 989 1270 nunc
1010 1223 1208 1270 homine
1232 1224 1380 1287 viget,
1405 1223 1516 1271 talia
1543 1233 1797 1288 postponat

382 1314 438 1346 ac
468 1299 700 1364 negligat3
726 1311 904 1366 quaerat
923 1311 1083 1350 autem
1108 1301 1373 1367 patrocinia
1393 1310 1680 1365 martyrum,
1710 1317 1796 1365 per

379 1391 501 1439 quos
534 1378 789 1427 sanitatum
818 1379 1048 1428 miracula
1077 1378 1407 1439 celebrantur3
1438 1377 1644 1445 postulet
1664 1377 1796 1442 adju-

378 1454 502 1502 toria
534 1457 884 1520 confessorum,
918 1458 1002 1524 qui
1035 1458 1207 1506 merito
1241 1458 1382 1506 amici
1414 1466 1525 1504 sunt
1560 1455 1792 1503 dominici

377 1536 663 1601 nuncupati,
690 1545 736 1584 et
757 1554 861 1602 quae
883 1537 1108 1597 voluerit,
1139 1534 1393 1584 obtinebit.

926 1675 1084 1712 CAPUT
1108 1675 1239 1710 XLVI.

630 1760 683 1793 De
697 1758 785 1794 rosis
802 1758 848 1793 ad
868 1759 1069 1805 sepulcrum
1092 1758 1167 1803 ejus
1183 1756 1353 1792 divinitus
1368 1757 1526 1792 ostensis.

436 1844 505 1888 Eo
527 1851 760 1908 tempore,
786 1859 897 1891 cum
919 1852 1028 1907 post
1045 1841 1232 1888 obitum
1253 1841 1455 1888 Proserii
1477 1841 1740 1904 martyrarii
1753 1845 1782 1903 ²,

368 1918 605 1979 Urbanus,
628 1920 858 1967 diaconus
872 1956 884 1979 ,
907 1919 1050 1983 hujus
1069 1918 1274 1966 basilicae
1296 1916 1546 1965 ordinatur
1563 1916 1782 1978 aedituus,

366 1995 488 2043 mira
507 2012 583 2043 res
603 1995 666 2044 ad
687 1996 958 2061 sepulcrum
973 1995 1123 2043 sancti
1146 1994 1380 2060 apparuit.
1401 1996 1540 2055 Nam,
1561 1993 1785 2057 vigilante

366 2072 573 2121 diacono
612 2073 664 2121 in
704 2074 879 2122 lectulo
919 2090 1025 2135 suo,
1066 2072 1256 2121 auditus
1294 2082 1364 2119 est
1403 2073 1603 2133 sonitus,
1649 2073 1783 2136 quasi

366 2152 540 2200 ostium
568 2151 773 2201 basilicae
809 2152 1113 2218 panderetur.
1145 2154 1257 2199 Post
1276 2151 1534 2199 multarum
1555 2167 1670 2198 vero
1691 2151 1782 2198 ho-

366 2245 527 2277 rarum
544 2230 767 2295 spatium,
789 2230 971 2284 audivit
984 2230 1142 2295 ipsum
1163 2229 1336 2276 iterum
1357 2228 1531 2276 claudi.
1557 2232 1668 2276 Post
1682 2227 1783 2275 haec

366 2323 562 2370 surgens
583 2306 644 2355 de
671 2317 818 2356 strato
832 2345 845 2371 ,
871 2306 1165 2373 praecedente
1187 2305 1384 2365 lumine,
1417 2304 1599 2354 accedit
1622 2304 1685 2353 ad
1709 2314 1782 2352 tu-

364 2384 551 2432 mulum
571 2386 722 2434 sancti
752 2403 764 2432 ε
791 2385 967 2433 mirum
989 2383 1141 2434 dictu!
1162 2383 1281 2431 vidit
1303 2383 1631 2448 pavimentum
1661 2382 1781 2430 rosis

364 2464 665 2532 rutilantibus
714 2481 813 2512 esse
857 2479 1141 2530 respersum.
1197 2464 1343 2509 Erant
1392 2471 1552 2509 autem
1597 2476 1779 2524 magnae

363 2539 525 2603 valde,
559 2559 672 2589 cum
693 2542 947 2606 fragrantia
975 2540 1138 2588 odoris
1164 2539 1401 2586 immensi.
1431 2541 1484 2585 In
1514 2539 1639 2604 ipsas
1659 2553 1779 2601 quo-

363 2634 456 2681 que
486 2620 684 2677 cancelli
718 2620 947 2667 celaturas
975 2616 1236 2664 mirabatur
1277 2632 1409 2664 rosas
1445 2616 1571 2662 intus
1600 2614 1778 2679 (nonus

414 2759 469 2805 (1)
486 2759 723 2795 Martiriarii
736 2787 747 2807 ,
767 2759 887 2796 2205.
902 2756 1210 2807 —Martyrarius
1228 2755 1330 2794 idem
1349 2767 1431 2793 esse
1449 2754 1601 2792 videtur
1612 2765 1657 2791 ac
1674 2751 1774 2790 basi-

361 2817 443 2856 licae
460 2819 621 2859 aedituus
642 2833 709 2859 seu
727 2829 869 2869 custos,
890 2820 971 2859 sive
989 2819 1102 2858 etiam
1122 2827 1262 2859 rector.
1289 2818 1387 2857 Hinc
1405 2817 1637 2869 quandoque
1653 2814 1776 2855 abba-

363 2890 418 2919 tes
436 2894 477 2920 se
496 2882 742 2933 martyrarios
761 2883 892 2924 dixere
911 2891 949 2920 et
965 2881 1137 2923 aedituos.
1160 2881 1246 2934 (R.)
