2002 3418
345 353 420 390 ³196
742 354 805 390 DE
834 353 1017 390 GLORIA
1047 352 1343 389 MARTYRUM.

344 450 414 487 est
445 449 602 486 autem
624 439 834 504 quodam
861 451 1074 505 tempore
1098 449 1150 486 ut
1177 440 1250 485 vir
1277 440 1451 486 sororis
1473 456 1586 487 meae
1619 442 1749 489 inva-

341 518 544 571 lescente
567 516 697 564 febre
726 518 926 581 graviter
948 527 1207 582 aegrotaret.
1237 518 1451 582 Cumque
1467 517 1564 581 jam
1597 521 1750 582 quarti

343 595 517 643 mensis
551 595 703 661 spatio
734 595 908 642 lectulo
947 595 1145 642 anhelus
1181 594 1510 656 occumberet,
1547 604 1601 641 ut
1634 595 1752 644 nihil

342 673 471 721 aliud
502 673 676 737 conjux
701 684 868 721 moesta
882 711 894 734 ,
929 673 1018 720 nisi
1042 689 1145 737 quae
1170 673 1416 738 sepulturae
1443 682 1578 720 erant
1599 689 1754 721 neees-

341 752 463 798 saria
494 751 747 815 cogitaret,
780 761 1052 798 sanctorum
1091 750 1334 798 basilicam
1369 751 1487 798 flens
1521 767 1576 798 ac
1613 751 1752 798 tristis

340 829 531 892 expetiit
562 846 572 873 :
610 828 956 893 provolutaque
995 844 1158 875 coram
1195 829 1419 893 sepulcris
1436 866 1448 887 ,
1489 828 1658 893 palmis
1696 821 1752 876 ac

339 905 455 952 facie
494 906 696 968 rigente,
732 905 958 970 opprimit
996 905 1337 969 pavimentum.
1378 905 1557 952 Accidit
1593 915 1751 953 autem

335 982 532 1029 fortuito
572 993 625 1029 ut
639 1021 651 1044 ,
694 992 886 1029 extensa
918 981 1118 1029 dexterae
1155 999 1324 1030 manus
1360 983 1518 1047 palma
1532 1021 1544 1044 ,
1586 982 1751 1029 folium

336 1059 495 1107 herbae
529 1060 702 1121 salviae,
734 1059 866 1123 quod
895 1076 983 1124 pro
1011 1059 1197 1106 honore
1220 1070 1481 1124 martyrum
1507 1061 1558 1107 in
1587 1070 1752 1125 crypta

334 1154 643 1203 conspersum
675 1137 848 1199 fuerat,
884 1138 1104 1203 operiret.
1141 1141 1397 1201 Postquam
1428 1147 1608 1200 autem,
1651 1138 1752 1186 fusa

336 1217 550 1264 oratione
568 1254 580 1276 ,
623 1232 734 1264 cum
770 1216 990 1280 lacrymis
1023 1215 1221 1263 surrexit
1259 1232 1288 1263 a
1327 1216 1541 1277 tumulis,
1581 1226 1753 1282 putans

335 1293 515 1358 aliquid
545 1293 605 1341 de
629 1293 1007 1355 linteaminibus,
1045 1293 1219 1357 quibus
1250 1293 1416 1341 induta
1445 1304 1571 1355 erat,
1606 1309 1753 1340 manu

335 1372 642 1435 prehendisse
658 1410 670 1434 ,
709 1382 763 1419 ut
799 1373 969 1420 assolet
987 1410 998 1432 ,
1041 1373 1202 1419 volam
1242 1372 1478 1419 continuit
1513 1371 1748 1431 clausam3

331 1466 609 1515 egressaque
643 1450 912 1513 basilicam,
944 1450 1176 1516 patefacta
1201 1467 1373 1512 manu,
1400 1450 1567 1498 folium
1592 1448 1752 1496 herbae

333 1529 547 1576 miratur.
590 1528 928 1594 Obstupefacta
964 1545 1078 1575 vero
1112 1528 1230 1591 quid
1263 1528 1359 1575 hoc
1395 1538 1537 1589 esset,
1578 1544 1752 1574 munus

332 1606 518 1654 coeleste
535 1607 774 1654 indultum
799 1606 888 1654 sibi
911 1607 1136 1653 divinitus
1158 1606 1470 1668 recognoscit,
1498 1615 1550 1651 ut
1577 1605 1752 1652 scilicet

333 1700 418 1748 per
438 1701 550 1731 eum
570 1685 717 1731 virtus
735 1694 998 1748 martyrum
1014 1683 1205 1729 infirmo
1221 1692 1528 1729 succurreret.
1541 1685 1751 1728 Domum

332 1761 471 1823 igitur
500 1761 600 1823 jam
632 1762 781 1808 laetior
814 1761 1018 1820 rediens,
1052 1760 1219 1807 folium
1249 1760 1462 1822 dilutum.
1490 1775 1614 1823 aqua
1647 1759 1750 1805 viro

330 1839 539 1903 porrexit
574 1839 637 1886 ad
675 1838 957 1887 bibendum.
1000 1839 1094 1895 Qui
1129 1847 1182 1884 ut
1219 1837 1375 1885 hausit
1412 1836 1582 1901 plenus
1622 1834 1717 1882 fide
1734 1873 1747 1896 ,

330 1917 546 1980 protinus
570 1916 819 1964 sanitatem
839 1915 1163 1981 plenissimam
1185 1914 1356 1963 meruit
1380 1912 1613 1960 obtinere.

877 2050 1034 2086 CAPUT
1058 2049 1209 2084 LXXII.

612 2137 666 2170 De
684 2144 805 2170 sancto
825 2135 1001 2183 Dionysio
1018 2134 1234 2170 Parisiorum
1253 2133 1422 2181 episcopo
1439 2134 1464 2169 ¹.

398 2225 653 2288 Dionysius
690 2240 804 2272 vero
842 2225 1111 2289 episcopus,
1148 2221 1435 2281 Parisiorum
1470 2218 1579 2267 urbi
1610 2218 1749 2267 datus

332 2311 401 2348 est
438 2312 616 2366 martyr
629 2298 666 2350 ².
699 2304 932 2366 Tempore
964 2316 1079 2348 vero
1112 2316 1209 2363 quo
1242 2298 1500 2362 Sigibertus
1529 2313 1609 2343 rex
1638 2312 1748 2347 cum

332 2381 539 2427 exercitu
596 2379 658 2427 ad
706 2379 874 2426 urbem
916 2379 1046 2426 illam
1086 2377 1240 2437 venit,
1288 2386 1336 2423 et
1379 2375 1635 2423 maximam
1676 2374 1745 2420 vi-

336 2473 504 2504 corum
539 2458 640 2522 ejus
674 2468 859 2522 partem
898 2455 1122 2504 incendio
1155 2454 1516 2514 concremavit³,
1552 2451 1747 2517 quidam

331 2533 392 2582 de
419 2535 709 2600 primoribus
747 2535 847 2598 ejus
886 2533 947 2581 ad
985 2532 1229 2580 basilicam
1268 2530 1492 2578 antedicti
1532 2528 1748 2593 martyris

382 2719 437 2767 (1)
455 2720 512 2755 De
528 2727 656 2756 sancto
674 2719 854 2768 Dionysio
864 2690 1035 2766 >martyre
1052 2731 1069 2764 ,·
1083 2716 1201 2755 2205.

383 2781 438 2828 (2)
459 2783 534 2819 An.
559 2783 636 2819 250
650 2810 660 2828 ,
682 2784 706 2820 9
725 2789 801 2820 oct.
822 2782 901 2829 (R.)

380 2844 435 2892 (3)
453 2845 528 2882 An.
553 2846 644 2882 574.
