2002 3418
360 363 436 399 100
757 362 823 398 DE
850 361 1039 399 GLORIA
1064 361 1358 398 MARTYRUM.

895 498 1051 534 CAPUT
1079 498 1233 536 XXXV.

722 594 775 628 De
793 592 970 627 Clemente
988 592 1154 639 episeopo
1171 600 1204 626 et
1218 599 1371 638 martyre
1385 591 1412 627 ¹.

425 696 641 743 Clemens
672 705 865 759 martyr,
904 705 958 741 ut
994 696 1044 741 in
1077 694 1294 759 passione
1327 693 1427 757 ejus
1458 693 1643 755 legitur,
1681 709 1766 740 an-⁴

362 773 510 821 chora
543 774 667 820 collo
703 774 802 836 ejus
825 788 1066 837 suspensa,
1094 772 1145 818 in
1177 787 1306 818 mare
1329 771 1644 835 praecipitatus
1677 780 1761 817 est.

364 853 499 896 Nunc
515 860 689 912 autem,
710 850 758 896 in
779 849 855 896 die
875 849 1181 896 solemnitatis
1199 848 1315 912 ejus,
1340 848 1516 895 recedit
1538 864 1666 895 mare
1683 863 1769 912 per

363 927 451 974 tria
484 928 660 988 millia,
699 928 969 989 siccumque
1005 924 1377 989 ingredientibus
1424 926 1512 971 iter
1557 924 1773 990 praebens

361 1010 510 1068 usque
533 1004 649 1050 dum
671 1003 733 1050 ad
756 1003 1025 1067 sepulcrum
1051 1003 1267 1066 martyris
1293 1003 1581 1067 pervenitur,
1612 1002 1773 1067 ibique

359 1091 473 1128 vota
512 1081 762 1128 reddentes
812 1091 859 1127 et
908 1090 1096 1127 orantes
1131 1080 1298 1145 populi
1341 1080 1670 1144 regrediuntur
1710 1081 1772 1129 ad

358 1158 502 1206 littus.

891 1243 1045 1278 CAPUT
1074 1242 1246 1277 xxxvl.

360 1341 412 1374 De
427 1353 540 1387 puero
557 1339 602 1375 ad
621 1340 808 1376 Clementis
826 1340 1027 1387 sepulcrum
1049 1351 1114 1386 per
1133 1338 1218 1373 anni
1239 1338 1476 1383 curriculum,
1498 1337 1646 1387 perinde
1670 1348 1774 1386 atque

665 1397 770 1431 unius
785 1406 923 1431 tantum
941 1397 1055 1430 noctis
1071 1395 1236 1443 spatium,
1257 1394 1466 1430 dormiente.

427 1498 619 1541 Factum
655 1504 724 1543 est
753 1504 912 1541 autem
942 1504 995 1541 ut
1024 1495 1073 1540 in
1099 1510 1197 1541 una
1223 1494 1576 1542 solemnitatum
1606 1495 1777 1543 mulier

364 1588 473 1618 cum
491 1570 590 1618 filio
613 1572 809 1636 parvulo
830 1573 879 1618 in
897 1572 1057 1619 locum
1081 1571 1340 1618 accederet.
1367 1572 1598 1636 Epulante
1618 1582 1775 1619 autem

363 1666 419 1696 ea
439 1659 548 1715 post
569 1659 673 1696 acta
696 1650 947 1711 solemnia,
968 1649 1257 1696 obdormivit
1278 1649 1447 1696 infans.
1473 1653 1596 1696 Dum
1617 1659 1775 1698 autem

363 1726 463 1773 haec
483 1737 749 1789 agerentur,
775 1743 884 1773 ecce
906 1744 1051 1773 sonus
1070 1726 1227 1774 subito
1253 1726 1400 1773 factus
1420 1736 1489 1773 est
1510 1727 1776 1776 accedentis

363 1804 534 1869 pelagi.
568 1804 753 1851 Dehinc
784 1803 934 1851 oblita
965 1804 1132 1851 mulier
1155 1803 1334 1850 sobolis
1355 1821 1449 1851 suae
1478 1805 1621 1869 coepit
1646 1805 1776 1852 velo-

365 1881 480 1928 citer
508 1898 618 1928 cum
648 1882 830 1946 reliquo
860 1882 1040 1947 populo
1065 1892 1223 1947 petere
1258 1882 1426 1946 ripam.
1457 1882 1616 1944 Igitur,
1652 1883 1774 1929 inse-

365 1959 529 2021 quenti
575 1960 717 2006 maris
756 1975 962 2018 accessu,
1006 1969 1257 2023 postquam
1301 1958 1363 2005 ad
1396 1959 1525 2005 littus
1551 1970 1744 2007 venerat
1758 1997 1771 2021 ‚

364 2037 581 2084 meminit
610 2054 659 2083 se
689 2035 839 2083 filium
866 2036 1123 2100 reliquisse.
1156 2039 1286 2082 Tunc
1318 2052 1427 2082 cum
1455 2037 1568 2083 fletu
1602 2052 1776 2100 magno

365 2113 547 2178 dejecta
569 2114 703 2162 terris
716 2151 728 2175 ‚
765 2114 983 2161 miseram
1015 2131 1064 2161 se
1095 2114 1364 2175 clamitanS,
1394 2113 1552 2161 littora
1580 2114 1778 2161 vocibus

367 2190 580 2256 replebat
619 2201 759 2255 atque
797 2190 1090 2238 discurrebat
1130 2208 1215 2256 per
1249 2190 1497 2237 circuitum
1531 2191 1740 2255 riparum
1759 2228 1772 2252 ‚

367 2270 404 2316 si
443 2269 559 2316 forte
593 2278 837 2317 enecatam
876 2269 1059 2334 prolem
1100 2270 1389 2332 ejectamque
1426 2268 1571 2315 littori
1609 2267 1777 2331 aliquis

369 2349 699 2413 conspicasset.
727 2347 819 2395 Sed
841 2364 951 2394 cum
972 2347 1092 2394 nihil
1112 2347 1342 2395 inveniret
1362 2346 1549 2407 indicii,
1582 2346 1777 2414 tandem

370 2426 612 2473 consolata
633 2443 662 2473 a
695 2425 975 2492 propinquis
988 2463 1000 2487 ‚
1031 2425 1093 2472 ad
1122 2425 1314 2490 propria
1340 2424 1597 2484 reducitur,
1624 2434 1776 2472 totum

369 2519 549 2550 annum
570 2504 620 2550 in
638 2504 770 2551 luctu
790 2519 845 2550 ac
862 2502 1196 2550 lamentatione
1216 2501 1473 2549 deducens.
1495 2505 1777 2549 Recurrente

369 2590 527 2626 autem
551 2582 665 2627 anni
690 2580 885 2641 circulo,
910 2579 1037 2626 venit
1054 2580 1223 2628 iterum
1247 2583 1309 2630 ad
1326 2579 1631 2646 spectandam
1651 2595 1776 2626 mar-

419 2781 473 2827 (1)
501 2782 531 2816 A
553 2779 725 2830 pluribus
756 2792 870 2826 mss.‚
904 2779 1020 2817 veluti
1052 2782 1179 2826 2204,
1216 2781 1335 2826 2205,
1355 2778 1436 2816 haec
1463 2777 1571 2816 abest
1601 2775 1765 2816 rubrica.

366 2842 479 2893 Apud
499 2844 602 2880 2204
616 2871 628 2889 ‚
647 2842 688 2880 in
705 2855 783 2881 uno
802 2841 993 2880 cohaerent
1011 2842 1136 2893 capita
1157 2856 1259 2880 xxxv
1279 2850 1317 2879 et
1334 2854 1467 2879 xxxvn
