2002 3418
340 331 418 370 232
736 334 799 370 DE
827 334 1013 372 GLORIA
1039 333 1335 371 MARTYRUM.

339 429 467 466 retur
487 420 537 466 in
555 437 763 486 praeceps
775 459 789 482 ,
822 431 875 468 ut
891 422 1067 469 scilicet
1085 421 1283 486 scopulo
1310 420 1430 467 illisa
1452 429 1748 484 quassaretur

339 513 396 545 ac
429 508 582 545 nautae
615 498 868 546 discrimen
904 501 1160 559 intuentes,
1194 499 1372 546 exitum
1404 497 1716 547 vociferarent
1730 535 1744 560 ‚

339 575 591 636 diaconuS,
618 576 798 624 elevata
815 594 926 624 cum
944 578 1116 625 sanctis
1137 575 1416 642 pignoribus
1434 591 1592 640 capsa,
1613 575 1748 622 invo-

339 669 446 700 care
468 641 665 700 nomin⁴a
686 654 981 717 singulorum
1007 671 1118 702 cum
1144 654 1319 717 gemitu
1340 662 1386 700 et
1401 668 1520 700 voce
1545 652 1751 701 maxima

339 731 503 795 coepit,
542 730 801 795 deprecans
835 742 888 778 ut
922 749 1089 779 eorum
1120 733 1291 778 virtute
1318 730 1380 778 ab
1412 730 1507 777 hoc
1539 729 1751 794 periculo

339 809 534 873 perituri
556 807 882 856 liberarentur.
909 810 1203 873 Jamjamque
1234 806 1650 873 appropinquabat
1673 823 1753 854 na-

341 887 428 946 vis,
457 895 509 932 ut
531 886 711 950 praefati
729 903 908 947 sumus,
934 886 996 934 ad
1017 887 1266 951 scopulum
1287 904 1297 931 :
1321 896 1367 932 et
1382 886 1554 943 statim,
1581 885 1631 931 in
1651 900 1755 932 san-

341 971 524 1008 ctarum
569 962 971 1026 contemplatione
1019 963 1325 1026 reliquiarum
1344 1000 1356 1023 ‚
1403 962 1464 1009 ab
1506 962 1610 1026 ipso
1644 960 1754 1008 loco

342 1049 612 1086 commotus
645 1055 757 1086 cum
791 1039 1018 1086 violentia
1053 1040 1221 1103 majori
1254 1050 1425 1086 ventus
1457 1039 1570 1085 huic
1611 1049 1754 1086 vento

342 1116 609 1162 contrarius
641 1115 839 1162 fluctum
857 1116 977 1163 elisit
996 1126 1286 1180 ventumque
1304 1115 1542 1163 diversum
1563 1116 1752 1180 repulit,
1770 1154 1773 1157 .

343 1210 416 1255 ac⁷
449 1210 569 1240 nave
596 1193 645 1239 in
674 1193 867 1258 pelagus
893 1193 1189 1259 profundum
1224 1202 1474 1253 revocatas
1500 1201 1697 1239 cunctos
1727 1208 1758 1240 a

344 1271 509 1318 mortis
529 1271 742 1336 periculo
760 1270 1003 1319 liberavit:
1018 1273 1197 1335 sicque,
1217 1280 1380 1334 gyrata
1396 1269 1523 1317 mole
1540 1269 1754 1334 periculi,

343 1358 537 1413 portum
561 1364 704 1412 quem
725 1347 1074 1411 desiderabant,
1095 1366 1207 1396 cum
1225 1348 1422 1395 Domini
1436 1345 1759 1394 misericordia

345 1443 401 1474 ac
422 1437 696 1474 sanctorum
711 1428 994 1492 patrocinio,
1014 1428 1329 1491 contigerunt.
1346 1428 1493 1475 Erant
1509 1425 1638 1472 enim
1658 1424 1762 1472 reli-

345 1505 466 1569 quiae
500 1515 797 1566 sanctorum,
832 1522 1038 1570 quorum
1064 1521 1196 1552 sacra
1218 1504 1412 1567 vestigia
1440 1503 1635 1550 Domini
1665 1518 1763 1550 ma-

347 1582 488 1629 nibus
518 1593 628 1629 sunt
657 1582 820 1630 abluta
832 1586 859 1640 ¹,
897 1599 1007 1630 cum
1040 1582 1171 1629 Pauli
1186 1617 1197 1638 ,
1229 1580 1590 1644 Laurentiique,
1620 1591 1761 1643 atque

349 1660 582 1706 Pancratii
598 1697 611 1720 ,
648 1659 958 1723 Chrysanthi,
998 1659 1244 1723 Dariaeque
1277 1657 1496 1720 virginis,
1537 1656 1759 1715 Joannis,

348 1745 489 1800 atque
510 1737 698 1784 alterius
718 1737 851 1784 Pauli
871 1736 1022 1784 fratris
1044 1735 1166 1799 ejus,
1195 1736 1419 1799 reliquiis,
1442 1750 1648 1798 quorum
1665 1749 1763 1779 cer-

350 1815 529 1862 tamina
562 1831 618 1862 ac
647 1815 830 1880 palmas
851 1814 1158 1862 victoriarum
1190 1814 1292 1878 ipsa
1316 1822 1460 1878 caput
1490 1810 1619 1859 orbis
1649 1809 1764 1856 urbs

351 1892 500 1939 Roma
522 1891 691 1940 devote
709 1891 1025 1940 concelebrat.

860 2032 1018 2068 CAPUT
1041 2031 1245 2068 LXXXIV.

693 2114 746 2147 De
764 2112 920 2159 reliquiis
937 2125 1023 2160 quas
1038 2112 1138 2160 pa'ter
1153 2124 1252 2149 meus
1266 2111 1390 2146 habuit
1402 2111 1431 2146 ⁸.

415 2199 543 2257 Quid
565 2193 679 2247 vero
703 2210 752 2247 et
770 2199 830 2247 de
850 2199 925 2247 his
947 2200 1154 2263 reliquiis
1175 2216 1293 2263 quas
1314 2197 1561 2261 quondam
1582 2197 1766 2260 genitor

353 2293 485 2324 meus
521 2293 682 2324 secum
709 2277 877 2325 habuit
903 2277 1041 2324 fuerit
1075 2286 1255 2339 gestum
1292 2275 1504 2322 edicam?
1534 2277 1766 2338 Tempore

353 2370 450 2416 quo
488 2353 867 2402 Theudebertus⁸
901 2356 1220 2400 Arvernorum
1254 2351 1375 2399 filios
1410 2352 1459 2398 in
1494 2350 1766 2398 obsidatum

353 2431 453 2477 tolli
489 2433 734 2498 praecepit,
765 2442 899 2497 pater
928 2447 1078 2491 mem,
1115 2446 1269 2494 nuper
1298 2430 1489 2492 junctus
1521 2428 1762 2492 conjugio,

352 2509 501 2555 voluit
523 2526 571 2556 se
589 2519 861 2557 sanctorum
886 2508 1094 2573 reliquiis
1118 2507 1429 2567 communiri,
1458 2506 1716 2571 petivitque
1738 2522 1768 2553 a

354 2587 565 2649 quodam
593 2587 835 2635 sacerdote
855 2597 907 2634 ut
926 2587 969 2634 ei
997 2585 1175 2649 aliquid
1191 2584 1258 2632 de
1276 2584 1452 2632 eisdem
1474 2583 1738 2646 indulgeret
1750 2620 1763 2644 ,

406 2760 461 2806 (1)
486 2757 531 2796 Id
544 2766 601 2797 est
613 2759 888 2811 apostolorum.
899 2761 974 2806 (R.)
985 2779 1037 2788 -
1046 2759 1101 2807 (2)
1114 2761 1171 2795 De
1183 2760 1356 2807 reliquiis
1373 2770 1469 2807 quas
1485 2758 1601 2794 isdem
1619 2765 1767 2795 sanctus

359 2824 556 2872 Gregorius
572 2834 686 2872 super
699 2835 738 2859 se
754 2820 914 2872 ferebat,
934 2822 1053 2859 2791.
1066 2822 1176 2868 —(3)
1196 2822 1299 2859 2205
1310 2848 1321 2866 ‚
1349 2819 1629 2858 Theodobereus.
