2002 3418
375 357 452 395 370
677 358 744 394 DE
770 358 1042 396 MIRACULIS
1069 358 1241 396 SANCTI
1267 358 1476 396 JULIANI.

376 444 583 509 reliquiae
604 444 654 491 in
670 444 889 492 hocloco
908 455 1017 492 sunt
1037 445 1344 493 collocandae.
1366 465 1390 490 »
1409 448 1581 494 Exacta
1592 463 1784 511 quoque

372 539 485 570 cum
503 522 645 570 sacris
665 522 856 586 hymnis
873 523 1174 588 modulisque
1195 524 1461 572 coelestibus
1482 535 1640 587 nocte,
1665 526 1785 573 cele-

372 598 522 647 bratis
538 600 680 648 etiam
702 601 951 648 missarum
974 602 1232 663 solemniis,
1257 601 1503 650 festivitate
1526 618 1675 650 ovans
1694 604 1787 651 cle-

370 678 496 724 ricus
518 678 663 743 coepit
680 694 764 726 eos
784 679 974 741 iterum,
999 696 1120 744 quos
1139 680 1273 744 prius
1297 679 1597 742 invitaverat,
1619 697 1786 745 rogare

369 753 433 801 ad
457 754 783 817 resectionem,
809 755 972 803 dicens
1001 773 1012 802 z
1035 777 1058 799 <c
1073 757 1258 803 Gratias
1275 755 1414 803 vobis
1443 772 1534 820 ago
1561 756 1693 820 quod
1720 757 1787 805 sic

367 832 431 880 ad
445 832 742 895 vigilandum
759 832 1029 880 immobiles
1046 834 1323 899 perstitistis.
1344 853 1367 878 »
1391 833 1484 880 Sed
1501 850 1590 881 nec
1609 845 1788 900 martyr

368 908 453 955 diu
477 909 658 956 distulit
686 909 870 957 bonam
890 911 1185 958 voluntatem
1201 912 1384 958 virtutis
1401 928 1495 958 suae
1515 911 1662 974 gratia
1681 929 1787 959 mu-

366 1002 551 1034 nerare.
579 990 700 1034 Nam
722 988 959 1050 ingressus
978 989 1362 1053 promptuarium
1391 989 1589 1036 clericus
1615 990 1789 1054 reperit

366 1063 603 1128 cupellam
617 1101 630 1125 ‚
662 1080 809 1128 quam
836 1081 959 1128 pene
988 1065 1198 1112 mediam
1231 1067 1507 1130 reliquerat,
1538 1082 1624 1131 per
1647 1082 1787 1130 supe-

364 1139 540 1186 riorem
563 1139 747 1187 aditum
768 1139 1038 1188 redundare
1067 1141 1117 1187 in
1140 1152 1322 1188 tantum
1343 1151 1397 1188 ut
1411 1142 1550 1206 copia
1576 1141 1788 1189 defluen-

365 1216 424 1263 tis
445 1218 545 1264 vini
570 1218 728 1266 rivum
748 1235 835 1284 per
851 1229 1028 1266 terram
1055 1219 1118 1266 ad
1141 1220 1315 1266 ostium
1338 1235 1488 1282 usque
1513 1218 1784 1266 deduceret.

367 1296 514 1354 Quod
550 1295 628 1342 ille
663 1295 906 1343 admirans
922 1334 934 1358 ,
974 1297 1134 1361 posito
1174 1296 1399 1343 deorsum
1433 1313 1545 1344 vase
1560 1333 1574 1358 ,
1621 1296 1789 1361 saepius

365 1374 533 1421 extulit
553 1374 752 1439 plenum
775 1391 785 1419 :
814 1373 898 1421 sed
926 1384 973 1421 et
994 1375 1053 1422 de
1075 1375 1197 1440 ipso,
1227 1391 1340 1421 cum
1370 1375 1480 1422 satis
1501 1372 1789 1438 abundeque

366 1451 527 1499 suisset
552 1468 837 1517 expensum,
869 1452 989 1500 nihil
1017 1469 1212 1518 prorsus
1235 1452 1410 1512 defuit,
1445 1452 1529 1499 sed
1559 1469 1711 1516 usque
1737 1452 1788 1498 in

367 1530 628 1576 crastinum
664 1529 948 1578 mirantibus
984 1531 1167 1577 cunctis
1198 1546 1385 1595 semper
1415 1530 1541 1579 stetit
1570 1530 1784 1594 plenum.

369 1608 482 1654 Erat
501 1617 662 1654 autem
682 1624 735 1653 111
763 1606 993 1655 kalendas
1017 1609 1194 1655 mensis
1218 1608 1413 1673 quinti¹.
1436 1610 1479 1655 Ο
1498 1606 1790 1655 admirabilis

367 1683 516 1730 virtus
545 1682 789 1748 martyris!
817 1701 928 1731 cum
958 1685 1183 1750 produxit
1202 1685 1263 1731 de
1284 1701 1396 1732 vase
1421 1685 1521 1731 sine
1544 1684 1661 1731 flore
1684 1684 1788 1731 vin-

367 1759 601 1822 demiam3
628 1778 740 1808 cum
770 1762 831 1808 sit
853 1763 1048 1809 solitum
1073 1772 1126 1808 ut
1155 1762 1353 1809 collecta
1383 1762 1494 1809 vina
1519 1760 1789 1808 condantur

367 1837 419 1884 in
440 1838 655 1900 vascula,
686 1839 884 1904 protulit
903 1839 1089 1887 dolium
1120 1849 1300 1901 musta,
1330 1840 1381 1886 in
1406 1856 1504 1903 quo
1534 1855 1634 1886 non
1665 1854 1783 1899 uva,

366 1914 453 1962 sed
468 1916 618 1963 virtus
634 1917 738 1964 sola
755 1916 953 1964 defluxit
974 1935 984 1963 ε
1010 1918 1234 1981 turgescit
1259 1917 1505 1965 vasculum
1525 1932 1555 1964 a
1574 1917 1784 1980 liquore,

367 1993 546 2041 fructus
574 2011 675 2042 non
706 1995 864 2043 illatus
882 2005 976 2058 est,
1001 1996 1086 2043 sed
1111 2005 1311 2043 creams.
1346 1995 1450 2058 Agit
1472 1994 1568 2042 hoc
1588 1994 1667 2041 ille
1688 1996 1788 2041 Do-

366 2072 526 2120 minus
539 2073 601 2120 ad
614 2072 981 2138 glorificandum
992 2084 1264 2138 martyrem,
1286 2073 1369 2138 qui
1382 2069 1586 2137 implens
1599 2081 1788 2119 uterum

370 2149 572 2213 Virginis
605 2151 706 2198 sine
745 2151 925 2217 semine
953 2167 1233 2215 permanere
1264 2150 1475 2215 praestitit
1504 2158 1705 2197 matrem
1736 2149 1787 2195 in

367 2227 578 2275 castitate
599 2245 609 2274 :
633 2228 718 2275 sed
738 2237 899 2275 tamen
921 2228 1001 2275 hic
1022 2245 1150 2276 novo
1170 2229 1344 2291 magis²
1366 2227 1594 2275 exuberat
1611 2227 1784 2289 fructu,

367 2320 479 2351 cum
500 2306 602 2352 sine
622 2304 901 2352 caudicibus
919 2305 1098 2353 falerna
1115 2305 1314 2371 porrigit
1336 2305 1399 2352 ad
1421 2303 1705 2352 bibendum.
1732 2306 1786 2350 ln

367 2381 470 2429 aliis
495 2383 647 2430 vineis
668 2383 745 2430 vix
773 2383 932 2430 adhuc
957 2392 1216 2448 erumpunt
1238 2399 1459 2445 gemmae,
1485 2382 1536 2428 in
1556 2382 1652 2429 hoc
1673 2397 1788 2428 vero

369 2475 477 2506 vase
499 2460 668 2507 vinum
687 2460 868 2508 defluit.
892 2464 927 2507 A
947 2461 1143 2507 virtute⁸
1164 2470 1376 2525 aequatur
1400 2461 1552 2507 maius
1580 2458 1784 2521 octobri,

418 2605 472 2650 (1)
492 2603 563 2641 Hic
581 2614 715 2643 contra
734 2619 844 2644 suum
863 2618 1009 2643 morem
1031 2605 1237 2656 Gregorius
1256 2619 1426 2644 mensem
1442 2605 1619 2657 quintum
1636 2604 1789 2643 videtur

366 2667 510 2706 maium
529 2671 742 2721 appellare,
762 2671 1001 2723 proindeque
1019 2670 1203 2709 inchoare
1224 2684 1367 2710 annum
1393 2685 1416 2710 a
1436 2670 1627 2720 ,ianuarim
1647 2671 1788 2719 (R.)—

368 2730 462 2769 vide
482 2744 619 2782 supra,
642 2747 680 2783 p.
703 2735 754 2771 29
773 2742 856 2771 not.
879 2735 918 2780 1,
939 2746 979 2784 p.
1001 2734 1096 2781 249,
1116 2742 1190 2772 etc.

419 2796 475 2842 (2)
493 2795 625 2842 Gem.,
645 2801 791 2843 majus,
811 2797 910 2833 forte
927 2808 999 2846 pro
1016 2798 1166 2837 Maius.
1188 2800 1277 2846 (R.)

419 2861 476 2908 (3)
494 2860 713 2912 Legendum
733 2862 830 2900 forte
843 2890 853 2908 ,
874 2861 1011 2909 defluit
1032 2876 1057 2898 a
1076 2866 1229 2901 virtute.
1250 2866 1452 2913 AEquatur.
1473 2863 1561 2911 (R.)
