2002 3418
385 346 462 382 282
792 348 857 384 DE
884 347 1070 385 GLORIA
1097 347 1394 387 MARTYRUM.

380 450 410 481 a
443 434 797 499 pulchritudine
828 450 1038 497 gemmae.
1067 437 1123 481 At
1146 434 1223 481 ille
1256 435 1518 499 accipiens,
1544 446 1592 483 et
1623 437 1793 484 iterum

377 520 519 576 atque
543 512 714 559 iterum
737 513 906 575 gratias
928 529 1071 575 agens
1106 522 1152 559 et
1184 512 1461 560 collaudans
1497 523 1763 562 matronam
1776 553 1789 577 ,

373 589 424 636 in
441 589 668 654 palatium
691 600 760 637 est
782 606 1033 653 regressus.
1058 589 1193 637 Unde
1215 606 1315 636 non
1340 599 1409 636 est
1425 589 1628 638 dubium
1649 592 1792 640 etiam

370 667 419 713 in
453 666 544 714 hac
577 683 628 714 re
664 668 882 731 martyris
909 667 1051 730 hujus
1089 667 1399 714 intercessisse
1438 668 1658 716 virtutem
1679 707 1692 731 ,
1733 687 1794 718 ne

319 736 323 741 ⁶
371 759 503 807 opes,
538 744 657 791 locis
694 745 866 791 sanctis
907 753 955 791 et
984 744 1276 809 pauperibus
1309 743 1531 807 delegatae
1547 782 1561 806 ‚
1590 746 1639 792 in
1672 746 1795 794 illius

372 819 740 868 transferrentur
758 821 1153 882 dominationem,
1169 821 1301 884 cujus
1320 838 1418 868 non
1436 821 1621 870 fuerant
1637 823 1794 870 studio

373 907 688 960 congregatae.

680 983 684 985 -
951 973 1107 1009 CAPUT
1131 973 1227 1009 CIV.

748 1058 801 1091 De
818 1057 932 1092 Felice
951 1058 1092 1093 Nolano
1107 1052 1240 1105 insigni
1253 1068 1420 1107 martyre.

441 1141 534 1185 De¹
550 1139 702 1186 Felice
731 1139 917 1185 Nolano
945 1149 1149 1204 martyre
1169 1176 1183 1199 ‚
1209 1141 1322 1204 quia
1349 1141 1547 1190 historia
1563 1143 1795 1207 passionis

376 1233 476 1263 non
500 1227 571 1264 est
609 1218 657 1263 in
691 1227 918 1282 promptu
936 1255 948 1279 ,
966 1218 1102 1281 juxta
1129 1218 1179 1265 id
1210 1217 1343 1282 quod
1373 1218 1540 1266 beatus
1573 1220 1796 1268 Paulinus

375 1311 513 1341 versu
532 1295 813 1360 conscripsit
832 1311 987 1360 pauca
1009 1296 1122 1343 huic
1139 1296 1332 1343 lectioni
1350 1295 1555 1343 oblectat
1570 1296 1790 1344 inserere.

376 1372 464 1419 Hic
489 1373 619 1419 enim
647 1389 677 1419 a
699 1373 945 1433 Maximo',
971 1374 1204 1438 praedictae
1229 1372 1362 1420 urbis
1391 1372 1617 1439 pontifice
1631 1410 1645 1435 ,
1665 1391 1795 1439 pres-

377 1445 546 1510 byterii
568 1447 756 1494 honore
776 1447 1024 1512 praeditus,
1048 1457 1237 1512 quantae
1258 1448 1396 1495 fuerit
1422 1448 1660 1514 sapientiae
1688 1464 1796 1495 eru-

377 1524 665 1590 ditionisque
699 1541 799 1571 non
835 1526 982 1573 modo
1017 1526 1282 1574 christianis
1313 1542 1480 1574 verum
1517 1527 1659 1574 etiam
1685 1526 1796 1591 ipsis

378 1618 570 1665 quoque
590 1603 785 1667 paganis
807 1604 962 1650 occuli
988 1620 1086 1650 non
1108 1604 1279 1668 potuit.
1310 1606 1432 1650 Cum
1457 1613 1617 1651 autem
1646 1603 1793 1675 imPeo

379 1689 593 1725 rator-um
633 1679 823 1727 decreta
869 1681 1150 1728 christianos
1197 1681 1382 1743 insequi
1431 1680 1758 1745 praecepissent
1777 1717 1789 1740 ,

378 1757 609 1804 Maximus
632 1758 846 1822 pontifex
878 1758 978 1822 jam
1012 1758 1145 1805 senio
1170 1767 1486 1823 praegravatus
1500 1795 1514 1819 ‚
1541 1767 1713 1825 putans
1744 1773 1795 1804 se

377 1844 477 1881 non
494 1851 633 1900 posse
651 1835 771 1883 ferre
789 1836 1021 1900 supplicia
1033 1873 1047 1897 ‚
1066 1836 1290 1883 silvarum
1312 1836 1456 1883 saltus
1477 1835 1641 1883 adivit.
1660 1837 1794 1892 Quos

378 1911 494 1958 dum
518 1912 736 1960 turbidus
766 1913 827 1960 de
855 1913 948 1960 hac
974 1914 1305 1978 persecutione
1339 1921 1548 1978 pererrat
1563 1949 1577 1973 ,
1601 1911 1795 1961 affectus

377 1989 499 2037 same
518 2026 532 2051 ,
572 1991 679 2054 gelu
709 1992 908 2057 attritus,
946 1991 1051 2038 solo
1079 1991 1258 2037 corruit
1283 1990 1550 2038 semivivus.
1583 1991 1638 2036 At
1669 1988 1796 2036 Felix

376 2067 620 2132 presbyter
645 2078 810 2133 captus
827 2106 840 2130 ‚
873 2085 986 2115 cum
1018 2068 1168 2116 multa
1201 2068 1261 2115 de
1295 2067 1498 2114 deorum
1528 2067 1760 2132 portentis
1777 2103 1790 2127 ‚

377 2146 510 2209 quod
530 2146 650 2193 nihil
673 2146 872 2208 fuerint,
900 2146 1182 2211 disputasset
1201 2183 1215 2207 ,
1239 2145 1474 2210 percursis
1497 2143 1795 2192 diversorum

377 2224 722 2288 suppliciorum
758 2223 1009 2286 generibus
1029 2261 1041 2283 ‚
1072 2224 1248 2271 carceri
1273 2222 1558 2286 dijudicatur
1572 2259 1586 2282 ‚
1623 2222 1673 2268 in
1695 2238 1794 2286 quo

377 2318 476 2348 non
513 2301 835 2349 mediocribus
866 2302 1067 2349 vinculis
1100 2300 1355 2348 tenebatur
1387 2300 1618 2347 astrictus.
1647 2302 1794 2346 Nocte

430 2466 483 2521 (1)
507 2469 636 2508 Sancti
656 2467 791 2507 Felicis
820 2468 951 2506 laudes
978 2466 1186 2506 celebravit
1207 2470 1251 2506 B.
1272 2466 1452 2506 Paulinus
1474 2465 1706 2506 carminibus
1726 2477 1795 2505 seu

375 2530 615 2582 poematibus
633 2533 701 2579 15,
720 2544 806 2582 quae
825 2543 904 2569 non
925 2531 1041 2568 semel
1061 2530 1162 2568 edita
1181 2538 1285 2569 sunt.
1303 2532 1478 2569 Incertus
1500 2529 1671 2578 ejusdem
1688 2541 1794 2568 mor-

378 2592 422 2630 tis
450 2606 573 2631 annus
603 2606 687 2632 esse
713 2592 867 2632 videtur
892 2594 984 2631 269.
1007 2591 1102 2631 Vide
1127 2596 1224 2631 Acta
1241 2599 1353 2631 mart.
1375 2591 1539 2640 sincera,
1567 2605 1610 2644 p.
1633 2593 1728 2639 255,
1756 2598 1796 2629 et

375 2654 568 2702 Bolland.,
590 2655 651 2694 die
672 2658 722 2694 14
737 2654 915 2703 januarii.
940 2657 1021 2703 (R.)

428 2719 484 2764 (2)
510 2718 651 2766 Laud.‚
670 2720 805 2765 Rom„
822 2717 923 2755 Clar.
943 2716 986 2756 b.
1009 2718 1144 2765 (5318,
1161 2718 1281 2765 5319,
1303 2718 1378 2766 etc)
1399 2731 1408 2754 :
1429 2715 1688 2762 Maximiano,
1707 2726 1793 2766 quae

374 2779 538 2818 varietas
561 2781 728 2819 occurrit
750 2793 905 2832 quoque
928 2780 969 2818 in
993 2780 1286 2832 Martyrologiis.
1313 2780 1460 2819 Colitur
1481 2779 1588 2819 Nolae
1603 2777 1668 2816 die
1689 2779 1712 2815 7
1734 2776 1792 2814 fe-

375 2840 532 2880 bruarii.
555 2842 615 2880 Ad
633 2855 749 2893 quem
768 2841 868 2880 diem
890 2841 978 2880 vide
994 2842 1275 2880 Bollandianos.
1298 2843 1377 2889 (R.)
