2002 3418
369 346 444 382 350
675 345 740 381 DE
770 344 1035 382 MIRACULIS
1064 343 1237 380 SANCTI
1263 344 1472 382 sum-AM.

369 434 573 482 fortassis
602 434 792 496 incisus,
818 434 975 482 adhuc
997 443 1129 481 terrae
1149 432 1351 497 haerens,
1373 443 1529 481 erecto
1554 433 1772 482 acumine

367 513 491 560 inter
524 512 697 561 herbas
726 513 898 562 virides
927 512 1156 561 latitabat.
1195 513 1294 571 Qui¹
1312 511 1500 561 defixus>
1515 513 1702 579 plantae.
1727 524 1774 561 et

366 607 716 655 superegressus
737 591 1048 656 effractusque
1067 591 1291 639 deorsum
1317 591 1498 638 extrahi
1527 590 1769 656 nequibat.

367 669 527 732 Igitur,
553 670 792 718 defluente
822 671 1062 734 sanguinis
1085 671 1188 717 rivo
1202 707 1215 731 ‚
1250 686 1372 717 cum*
1390 684 1598 734 gressum
1624 669 1776 718 facere

368 762 468 794 non
504 747 696 810 valeret,
730 747 860 796 beati
892 749 1107 813 martyris
1139 747 1362 812 implorat
1387 747 1631 808 auxilium,
1661 763 1777 812 pau—

365 824 611 889 lulumque
645 825 813 873 dolore
850 842 1138 891 compresso,
1174 825 1285 872 licet
1324 824 1654 886 claudicando,
1690 824 1778 872 iter

366 901 498 965 quod
531 913 739 967 coeperat
771 902 1025 967 expedivit.
1056 903 1208 950 Tertia
1237 919 1351 950 vero
1388 912 1551 964 nocte,
1582 918 1778 966 compu-

367 988 594 1027 trescente
617 980 835 1041 vulnere,
867 979 1006 1026 dolor
1035 980 1269 1028 maximus
1295 980 1531 1028 incitatur.
1561 979 1642 1025 Ille
1663 993 1776 1025 vero

366 1055 428 1102 ad
480 1066 671 1121 experta
732 1055 919 1103 dudum
970 1056 1184 1121 praesidia
1235 1057 1512 1120 confugiens
1561 1055 1777 1121 sepulcro

369 1133 574 1197 glorioso
596 1135 933 1200 prosternitur;
953 1134 1240 1199 expletisque
1255 1135 1439 1198 vigiliis,
1464 1149 1696 1197 regressus
1716 1132 1779 1180 ad

366 1211 592 1259 lectulum
606 1249 620 1274 ,
645 1212 763 1259 dum
785 1211 1008 1260 virtutem
1036 1212 1253 1276 martyris
1273 1209 1582 1276 praestolatur,
1607 1225 1777 1258 somno

367 1290 673 1338 incumbente
711 1291 1007 1356 deprimitur.
1050 1291 1234 1338 Deinde
1279 1307 1569 1355 consurgens
1600 1289 1788 1337 nullam⁴

367 1368 548 1416 doloris
575 1368 715 1416 sentit
737 1368 983 1433 injuriam,
1007 1378 1288 1434 aspectaque
1308 1368 1498 1433 planta,
1522 1383 1632 1432 pars
1653 1365 1781 1414 sudis

368 1462 473 1510 quae
508 1447 717 1510 ingressa
745 1446 895 1495 fuerat
915 1463 1015 1494 non
1035 1446 1239 1508 videtur,
1268 1446 1480 1495 evulsam
1494 1455 1654 1494 tamen
1674 1460 1779 1492 sen-

366 1523 513 1572 tiebat
548 1541 578 1572 a
613 1525 752 1591 pede.
791 1524 936 1583 Quod
966 1525 1150 1589 lignum
1179 1524 1427 1588 diligenter
1454 1523 1698 1588 inquirens
1729 1522 1778 1569 in

368 1611 516 1650 stratu
537 1619 624 1651 suo
646 1604 837 1668 reperit,
863 1602 1103 1652 admirans
1124 1603 1324 1666 qualiter
1345 1603 1503 1650 fuisset
1523 1615 1774 1664 egressum.

368 1679 542 1728 Solitus
563 1696 770 1746 namque
794 1691 895 1729 erat
913 1681 963 1728 in
985 1680 1260 1745 episcopatu
1280 1697 1367 1727 suo
1388 1680 1549 1726 locum
1573 1677 1780 1724 vulneris

369 1758 636 1821 ostendere,
658 1760 709 1807 in
731 1775 830 1824 quo
854 1774 1028 1822 magna
1051 1756 1211 1806 adhuc
1234 1759 1357 1806 fossa
1379 1754 1775 1822 conspiciebatur,

369 1835 610 1886 obtestans
632 1838 682 1885 in
703 1837 799 1886 hoc
819 1836 947 1885 beati
968 1837 1188 1902 martyris
1208 1836 1348 1885 fuisse
1369 1836 1605 1883 virtutem.

912 1975 1068 2012 CAPUT
1092 1975 1230 2014 XXIV.

804 2065 857 2100 De
872 2064 969 2100 febre
984 2064 1079 2100 Petri
1093 2065 1211 2100 fratris
1227 2065 1297 2099 mei
1310 2065 1337 2098 ¹.

433 2148 547 2203 Post
565 2146 770 2195 multum
794 2163 909 2194 vero
931 2156 1117 2212 tempus
1140 2146 1397 2195 advenerat
1414 2144 1634 2193 festivitas
1654 2140 1781 2190 beati

369 2225 605 2288 martyris,
630 2234 678 2272 et
699 2233 834 2290 pater
851 2241 985 2273 meus
1005 2241 1118 2272 cum
1139 2225 1272 2272 omni
1293 2224 1441 2271 domo
1460 2238 1545 2270 sua
1561 2220 1624 2269 ad
1639 2219 1782 2284 hujus

369 2303 678 2351 solemnitatis
702 2302 874 2367 gaudia
897 2302 1202 2369 properabat.
1226 2301 1373 2350 Nobis
1391 2317 1506 2349 vero
1528 2300 1617 2347 iter
1643 2314 1782 2362 agen*

369 2378 513 2442 tibus,
549 2382 733 2428 Petrus²
766 2381 907 2428 frater
934 2397 1068 2428 meus
1103 2380 1263 2427 senior
1294 2378 1356 2426 ab
1379 2377 1549 2426 ardore
1577 2375 1789 2424 febrium·

370 2467 648 2522 occupatur,
667 2467 715 2504 et
734 2467 832 2506 tam
848 2458 1050 2521 graviter
1065 2457 1160 2520 agit
1178 2466 1232 2506 ut
1254 2471 1409 2519 neque
1432 2455 1608 2519 vigere,
1626 2467 1782 2517 neque

368 2532 532 2581 cibum
553 2551 738 2584 sumere
756 2544 915 2601 posset
938 2553 949 2581 ι
976 2543 1225 2598 totumque
1242 2533 1361 2581 illud
1382 2533 1469 2580 iter
1486 2548 1599 2580 cum
1615 2527 1781 2594 grandi

421 2708 477 2755 (1)
495 2709 653 2757 Nepotis
674 2714 771 2757 ejus,
791 2709 897 2749 2204
916 2709 1101 2749 &2205ae

422 2770 478 2816 (2)
502 2770 603 2809 Petri
633 2771 759 2810 fratris
789 2771 848 2810 sui
861 2798 873 2817 ‚
904 2778 998 2809 tunc
1030 2769 1208 2817 diaconi,
1241 2782 1376 2810 necem
1412 2776 1544 2809 narrat
1578 2764 1781 2818 Gregorius

370 2831 437 2870 lib.
459 2834 491 2870 V
509 2832 625 2880 nist„
648 2846 735 2886 cap.
755 2847 793 2872 v.
824 2835 906 2882 (R.)
