2002 3418
346 334 419 370 3⁹26
646 335 712 371 DE
739 334 1005 373 MIRACULIS
1033 334 1204 372 SANCTI
1233 336 1439 375 JUL1AN1.

921 442 1076 477 CAPUT
1100 441 1187 477 XII.

682 515 734 549 De
748 514 924 563 Anagildo
943 525 1042 551 muto
1058 524 1091 551 et
1106 515 1217 551 surdo
1236 517 1291 551 vel
1307 528 1414 552 caeco.

407 588 483 636 sic
512 598 560 637 et
599 589 854 653 Anagildus
889 590 1108 655 quidam,
1140 600 1316 653 mutus,
1339 600 1386 638 et
1402 591 1573 640 surdus
1592 602 1640 640 et
1665 609 1751 641 αθ-

342 682 427 714 cus
443 666 517 714 vel
540 667 757 714 omnium
779 668 1106 716 membrorum
1127 685 1356 734 compage
1375 668 1643 717 debilitatus
1655 707 1669 731 ,
1689 670 1754 718 ad

341 743 505 792 limina
520 755 817 793 sacrosancta
829 746 1067 810 projectus
1085 756 1171 808 est,
1190 747 1365 794 scilicet
1378 756 1449 807 ut,
1461 746 1538 794 vel
1554 745 1619 794 ab
1634 745 1753 813 stipe

342 831 610 886 pasceretur
631 821 939 884 devotorum,
973 824 1055 887 qui
1080 824 1227 870 victus
1249 823 1525 871 alimoniam
1551 825 1755 890 propriis

343 897 564 947 manibus
585 898 802 947 laborare
822 916 921 946 non
939 909 1139 964 poterat.
1160 901 1322 964 Igitur,
1342 917 1454 947 cum
1471 916 1755 965 perannum

343 974 581 1036 integrum
612 984 723 1021 ante
764 983 976 1021 sanctam
1013 974 1163 1021 aedem
1202 974 1482 1023 decubasset
1497 1013 1511 1037 ,
1562 977 1753 1025 tandem

343 1051 554 1098 visitatus
579 1066 609 1097 a
625 1051 795 1097 virtute
819 1049 948 1097 beati
970 1052 1186 1114 martyris
1201 1088 1215 1113 ,
1240 1051 1302 1099 ab
1322 1053 1457 1100 omni
1483 1053 1755 1103 infirmitate

345 1136 536 1174 sanatus
552 1134 637 1173 est.

906 1202 1064 1238 CAPUT
1085 1203 1191 1240 xm.

485 1277 537 1311 De
553 1278 609 1313 his
626 1279 687 1326 qui
699 1278 912 1315 Theoderici
927 1279 1018 1328 regis
1032 1287 1193 1328 tempore
1206 1280 1385 1316 basilicam
1402 1281 1620 1329 irruperunt.

411 1352 608 1401 Videtur
640 1354 758 1403 mihi
791 1365 845 1403 ut
858 1393 871 1417 ,
904 1356 1025 1404 sicut
1052 1356 1202 1404 sancti
1227 1356 1399 1404 virtute
1430 1367 1591 1405 curata
1625 1372 1759 1406 mor-

345 1429 460 1478 bida
487 1440 779 1494 retexuntur,
813 1434 879 1482 ita
907 1444 955 1481 et
983 1433 1248 1482 infidelium
1275 1435 1525 1499 pravitates
1545 1436 1760 1485 oratione

345 1507 470 1555 illius
489 1509 742 1557 confutatae
755 1547 767 1571 ,
789 1510 851 1558 ad
867 1511 1252 1559 emendationem
1270 1512 1490 1574 aliorum,
1514 1529 1576 1560 ne
1591 1513 1762 1562 similia

347 1596 572 1651 appetant
590 1624 603 1647 ,
653 1587 952 1636 declarentur
969 1626 980 1648 ,
1024 1590 1136 1652 quia
1170 1598 1370 1653 utraque
1417 1590 1567 1637 sancti
1613 1590 1761 1653 gloria

347 1674 554 1727 praestat,
577 1674 630 1711 ut
651 1675 699 1711 ct
718 1664 809 1712 hos
831 1667 1017 1714 sanitati
1039 1666 1206 1713 reddat
1233 1682 1294 1713 ne
1316 1666 1519 1730 amplius
1547 1669 1761 1715 crucien-

347 1750 442 1801 tur,
461 1751 508 1788 et
523 1741 628 1789 illos
649 1752 815 1805 arguat
837 1759 898 1790 ne
920 1743 970 1790 in
994 1741 1150 1790 fiituro
1162 1742 1343 1806 judicio
1360 1741 1755 1790 condemnentur.

348 1821 408 1867 Et
426 1820 540 1884 quia
554 1820 740 1868 nuUum
755 1821 899 1868 latere
914 1820 1058 1868 credo
1077 1819 1256 1884 aliquid
1275 1820 1335 1867 de
1350 1820 1604 1868 hostilitate
1615 1820 1762 1868 Theo-

348 1896 495 1944 derici
517 1898 661 1961 regis¹
688 1914 744 1945 ac
768 1897 1121 1946 infirmitatibus
1144 1896 1388 1962 Sigivaldi,
1414 1913 1518 1961 quae
1537 1897 1580 1945 ei
1604 1898 1655 1944 in
1682 1898 1762 1944 Ar-

347 1991 497 2022 verno
536 1975 692 2039 posito
730 1975 1031 2037 contigerunt
1049 2011 1063 2036 ,
1112 1984 1307 2040 propter
1343 1973 1566 2021 virtutem
1602 1983 1762 2023 tamen

347 2040 487 2100 beati'
506 2053 723 2117 martyris
746 2061 816 2099 est
839 2052 1108 2117 diligentius
1131 2050 1495 2117 exponendum,
1525 2067 1633 2117 quo
1654 2051 1765 2100 saci-

348 2130 438 2177 lius
455 2129 573 2178 fides
587 2131 724 2178 dictis
742 2130 1041 2179 adhibeatur.
1063 2130 1224 2194 Igitur,
1243 2147 1354 2177 cum
1370 2129 1431 2176 ad
1447 2129 1763 2194 direptionem

347 2211 667 2258 Arvernorum
682 2224 762 2256 rex
783 2207 1047 2257 antedictus
1062 2208 1298 2256 festinaret
1318 2218 1365 2255 et
1375 2206 1644 2270 ingrediens
1669 2215 1759 2253 ter-

347 2286 534 2333 minum
564 2287 814 2334 vastationi
850 2296 1023 2334 cuncta
1059 2285 1317 2349 subigeret,
1355 2300 1465 2349 pars
1499 2284 1663 2348 aliqua
1696 2283 1758 2331 ab

348 2364 556 2411 exercitu
579 2374 795 2430 separata
822 2363 885 2412 ad
906 2365 1224 2412 Brivatensem
1237 2366 1252 2388 ²
1271 2362 1431 2409 vicum
1457 2360 1624 2409 infesta
1646 2377 1759 2427 pro-

400 2513 454 2560 (1)
475 2514 559 2550 Hoc
586 2520 703 2564 caput
728 2511 906 2550 laudatur
927 2510 968 2548 in
990 2509 1075 2547 Vita
1097 2508 1218 2547 sancti
1235 2508 1453 2555 Stremonii,
1475 2516 1579 2546 tomo
1602 2510 1663 2556 11,
1689 2508 1760 2547 Bi-

348 2571 485 2614 blioth.
513 2573 636 2612 Labb.
650 2603 661 2622 ,
682 2588 723 2627 p.
754 2575 846 2613 498.
872 2572 946 2611 Hic
969 2570 1070 2610 idem
1100 2578 1234 2609 auctor
1259 2569 1416 2609 laudare
1444 2569 1587 2608 ibidem
1609 2569 1761 2609 videtur

348 2635 522 2687 Gregorii
549 2637 669 2675 nostri
695 2635 901 2675 Historiam
925 2642 992 2672 aut
1016 2642 1120 2672 certe
1145 2633 1275 2672 nescio
1301 2633 1406 2685 quod
1429 2646 1526 2685 opus
1548 2646 1596 2685 ex
1612 2632 1677 2672 illa
1695 2647 1760 2672 ex-

348 2706 537 2749 cerptum,
551 2698 656 2749 quod
668 2698 835 2751 appellat
851 2700 964 2736 Gesta
983 2699 1265 2744 Germanorum,
1278 2709 1328 2734 ex
1340 2709 1418 2748 quo
1428 2694 1650 2735 Theoderici
1660 2696 1758 2750 regis

347 2760 597 2799 Arvernicam
617 2760 914 2812 expeditionem,
934 2757 1001 2797 sed
1019 2771 1154 2810 parum
1173 2766 1364 2806 accurate,
1383 2765 1527 2796 narrat.
1549 2759 1640 2807 (R.)

401 2823 456 2872 (2)
471 2824 735 2870 Brivatensim,
754 2823 874 2862 2204.
