2002 3418
382 342 458 380 180
783 339 847 378 DE
880 339 1065 377 GLORIA
1096 338 1391 376 MARTYRUM.

378 428 518 477 valde
533 428 732 492 gavisuS,
754 437 993 476 nocturno
1009 426 1098 475 sub
1122 436 1352 491 tempore,
1377 425 1632 474 famulante
1651 427 1793 474 lumi-

379 525 458 571 ne,
479 508 705 557 velociter
722 507 1020 573 exemplavit.
1043 505 1330 554 Hominibus
1342 505 1536 569 quidem
1558 505 1790 569 digressis,

377 586 458 633 hic
477 586 707 652 episcopo
730 602 818 633 suo
840 585 1032 633 exhibet
1050 601 1154 650 quae
1172 592 1431 649 repererat,
1457 592 1629 648 putans
1650 599 1699 630 se
1710 600 1795 648 per

375 654 476 711 haec
498 665 698 728 gratiam
720 664 906 728 assequi
929 663 1205 712 sacerdotiS.
1239 666 1296 709 At
1321 662 1398 709 ille
1433 678 1534 708 non
1570 661 1793 724 credens,

377 742 467 790 nisi
489 742 752 790 confictum
776 743 1030 804 aestimans,
1055 758 1229 790 caesum
1251 741 1551 805 increpatum
1573 738 1798 787 clericum

377 818 632 866 abscedere
646 818 803 883 jubet,
829 818 995 866 dicens
1020 836 1033 866 :
1064 838 1088 864 «
1110 821 1174 866 Te
1193 817 1295 864 haec
1312 820 1446 880 juxta
1469 826 1638 864 votum
1661 826 1799 864 tuum

377 895 577 944 dictasse
602 896 906 943 manifestum
929 904 1021 957 est;
1054 912 1169 943 nam
1201 911 1452 960 nunquam
1482 912 1539 943 ea
1563 912 1675 943 cum
1697 895 1799 960 ullo

373 973 574 1020 homine
589 973 822 1037 reperisti.
839 991 861 1017 n
880 975 994 1020 Post
1005 973 1210 1020 multum
1223 989 1338 1021 vero
1354 983 1563 1038 tempus,
1578 982 1633 1019 ut
1651 973 1800 1020 virtus

373 1050 592 1114 martyris
617 1066 716 1096 non
739 1058 861 1096 esset
886 1050 1095 1111 occulta,
1123 1049 1239 1097 abiit
1262 1051 1495 1098 exercitus
1517 1051 1568 1097 in
1589 1050 1791 1110 ltaliam,

378 1137 426 1174 et
453 1126 623 1174 detulit
648 1126 883 1192 passionis
910 1125 1053 1191 hujus
1077 1126 1363 1189 historiam¹‚
1405 1129 1530 1175 sicut
1561 1144 1591 1175 a
1625 1128 1799 1175 clerico

377 1203 631 1252 tenebatur
681 1204 871 1269 scripta.
917 1205 1050 1252 Tunc
1089 1205 1314 1252 confusus
1362 1204 1501 1252 valde
1548 1206 1801 1272 episcopus

376 1282 605 1346 coguovit
630 1298 743 1330 vera
763 1298 864 1330 esse
887 1298 991 1347 quae
1013 1298 1043 1330 a
1063 1282 1236 1330 clerico
1258 1280 1558 1330 dicebantur.
1591 1283 1801 1347 Populus

377 1370 538 1408 autem
563 1376 621 1407 ex
643 1359 740 1408 hoc
763 1361 913 1425 magis
939 1359 1181 1409 honorare
1206 1360 1656 1426 coepit'martyrem,
1684 1376 1800 1407 con-

379 1449 651 1503 structaque
673 1454 815 1503 super
849 1455 962 1486 eum
998 1438 1212 1500 basilica,
1250 1438 1551 1488 festivitatem
1581 1438 1682 1503 ejus
1716 1454 1802 1504 per

373 1518 585 1581 singulos
605 1533 758 1565 annos
781 1516 954 1565 devote
976 1516 1296 1565 concelebrat.

943 1655 1099 1691 CAPUT
1124 1656 1236 1692 LXV.

718 1743 770 1777 De
786 1741 931 1777 basilica
949 1742 1061 1778 sancti
1079 1742 1262 1777 Autoliani
1280 1742 1455 1790 martyris.

444 1826 723 1874 Antolianus
744 1834 905 1874 autem
941 1836 1120 1890 martyr
1163 1827 1293 1893 apud
1339 1825 1510 1874 urbem
1540 1829 1800 1874 Arvernam

381 1904 662 1967 martyrium
683 1903 1069 1951 consummavit².
1108 1907 1161 1950 In
1202 1904 1337 1967 cujus
1368 1903 1556 1951 honore
1587 1902 1799 1951 Alchima

383 1997 519 2029 soror
555 1991 602 2028 et
637 1980 881 2028 Placidina
902 1980 1077 2044 conjux
1108 1981 1392 2046 Apollinaris
1418 1981 1654 2046 episcopi,
1679 1990 1799 2028 tem-

383 2060 518 2124 plum
539 2058 771 2106 aedificare
796 2058 1041 2124 cupientes
1051 2059 1084 2120 ³,
1111 2059 1263 2107 multa
1284 2068 1558 2123 sanctorum
1575 2054 1796 2123 corpora,

385 2137 502 2184 dum
542 2136 853 2184 fundamenta
891 2137 1118 2199 jacerent,
1165 2146 1489 2197 removerunt,
1539 2136 1800 2184 nescientes

382 2214 517 2278 cujus
534 2215 689 2262 meriti
705 2223 861 2285 essent
881 2231 1088 2278 quorum
1107 2215 1321 2279 sepulcra
1345 2223 1619 2282 repererant
1639 2232 1650 2261 z
1673 2230 1795 2278 quae,

433 2388 488 2434 (1)
504 2388 699 2424 Incertum
717 2393 775 2423 est
793 2393 922 2424 autem
939 2397 989 2423 an
1011 2397 1056 2423 ea
1073 2385 1149 2423 sint
1164 2392 1248 2422 acta
1269 2397 1355 2435 quae
1368 2383 1417 2423 ad
1435 2397 1506 2423 nos
1523 2397 1646 2436 usque
1662 2398 1799 2437 perve-

379 2460 487 2494 nere,
501 2447 542 2485 in
561 2446 700 2498 quibus
719 2446 916 2485 Patroclus
933 2446 1128 2485 Aureliani
1142 2447 1251 2495 jussu
1270 2459 1389 2485 caesus
1407 2457 1656 2487 memoratur.
1677 2451 1799 2487 Aure-

380 2509 504 2547 lianus
527 2518 655 2548 autem
679 2523 743 2549 an.
768 2511 846 2548 273
867 2518 905 2547 et
923 2522 1004 2562 seq.
1029 2510 1071 2548 in
1092 2508 1233 2548 Gallias
1253 2510 1372 2548 venit.
1399 2510 1647 2550 verisimilius
1672 2519 1797 2550 tamen

381 2573 445 2610 alii
465 2581 602 2624 putant
621 2572 815 2611 Aureliani
832 2572 989 2615 nomine
1007 2572 1207 2624 praesidem
1226 2572 1428 2626 designari.
1491 2585 1498 2591 ·

436 2637 489 2683 (2)
509 2637 584 2673 An.
606 2637 702 2682 255,
724 2637 747 2673 6
767 2633 844 2673 feb.
862 2637 946 2687 (R.)
1707 2663 1709 2666 .

436 2701 490 2745 (3)
499 2697 652 2735 Habent
668 2697 770 2736 Editi
786 2697 880 2737 Bad.
894 2706 932 2736 et
945 2698 1008 2737 alii
1025 2713 1033 2736 :
1050 2701 1226 2738 Alchima
1237 2709 1275 2738 et
1281 2701 1597 2739 somrPIacidinae
1608 2705 1794 2748 conjux...

382 2762 585 2811 cupientes.
613 2763 727 2798 Rom.
750 2768 789 2798 et
811 2760 919 2799 Colb.
949 2770 1040 2810 tut.‚
1066 2764 1242 2800 Alchima
1260 2777 1363 2801 soror
1382 2765 1590 2802 Placidinae
1607 2767 1794 2811 conjux...

380 2827 546 2875 cupiens.
567 2822 709 2871 Laud„
730 2825 838 2873 Bem,
858 2823 966 2863 Colb.
985 2838 1025 2873 a,
1047 2830 1246 2876 cupientes.
1267 2829 1352 2875 (R.)
