2002 3418
420 364 467 401 44
813 367 879 403 DE
911 365 1096 403 GLORIA
1127 364 1421 401 MARTYRUM.

979 497 1134 532 CAPUT
1158 497 1260 531 XIV.

606 587 658 620 De
674 586 820 621 muliere
834 598 910 631 quoe
925 586 1077 621 obtinuit
1091 586 1255 633 pollicem
1270 585 1417 620 Joannis
1432 585 1593 632 Baptistae
1606 585 1635 622 ¹·

484 683 602 728 Nam
635 681 853 744 quaedam
885 683 1079 730 mulier⁸
1115 699 1143 729 a
1175 683 1452 729 Maurienna
1485 681 1605 729 urhe
1638 696 1825 746 progre-

418 756 574 820 diens,
603 759 747 824 ipsius
771 760 1072 807 Praecursoris
1093 760 1313 823 reliquias
1338 759 1558 823 expetivit
1571 795 1583 819 ,
1613 768 1660 805 et
1691 758 1755 805 ita
1777 774 1826 805 se

417 836 694 883 constrinxit
714 837 907 883 vinculo
927 836 1180 899 juramenti
1195 873 1207 897 ‚
1235 846 1289 882 ut
1306 853 1404 883 non
1429 846 1538 883 ante
1559 852 1588 883 a
1606 836 1716 882 loco
1739 834 1829 882 dis-

417 912 630 974 cederet,
666 914 756 960 nisi
790 913 850 960 de
882 913 1108 960 membris
1144 913 1243 976 ejus
1279 923 1538 960 mereretur
1569 913 1828 976 quicquam

416 990 645 1054 accipere.
668 990 762 1036 Sed
780 1006 891 1036 cum
909 989 1198 1054 impossibile
1227 989 1323 1036 hoc
1351 989 1519 1036 incolae
1546 989 1640 1035 loci
1670 1005 1828 1036 narra-

416 1076 542 1127 rent,
576 1066 961 1130 prosternebatur
990 1065 1203 1129 quotidie
1234 1075 1343 1112 ante
1365 1066 1657 1131 sepulcrum,
1686 1081 1828 1112 orans

416 1142 529 1204 sibi,
557 1153 611 1189 ut
627 1142 854 1204 diximus,
877 1143 938 1190 de
957 1143 1128 1190 sanctis
1149 1142 1344 1190 artubus
1365 1143 1524 1207 aliqua
1540 1143 1823 1190 condonari.

416 1220 469 1264 In
501 1235 597 1283 qua
622 1220 885 1266 intentione
907 1220 1143 1282 integrum
1163 1219 1298 1266 duxit
1318 1235 1517 1266 annum.
1542 1219 1763 1267 Similiter
1782 1230 1830 1267 et

416 1295 616 1342 alterum
629 1333 642 1356 ,
663 1296 764 1359 jugi
785 1312 970 1361 semper
999 1296 1213 1343 oratione
1235 1295 1513 1360 deposcens.
1538 1296 1693 1343 Tertio
1714 1313 1828 1343 vero

415 1373 706 1436 ingrediente
727 1391 874 1435 anno,
896 1391 1008 1421 cum
1025 1375 1291 1421 orationem
1309 1390 1444 1421 suam
1462 1375 1709 1439 pervenire
1728 1391 1827 1422 non

416 1460 629 1497 cerneret
659 1450 721 1497 ad
741 1450 963 1498 effectum
977 1489 990 1512 ,
1025 1451 1224 1516 projecit
1253 1467 1301 1498 se
1331 1461 1440 1498 ante
1464 1440 1755 1516 sePulcrum3
1783 1462 1831 1500 et

417 1526 679 1574 obtestatur
699 1544 799 1574 non
819 1545 867 1575 se
892 1528 1061 1575 exinde
1080 1538 1417 1589 surrecturam,
1438 1529 1714 1593 priusquam
1728 1529 1830 1575 haec

416 1604 580 1668 petitio
611 1604 905 1652 obtineretur
929 1621 957 1652 a
987 1614 1167 1652 sanct0.
1199 1605 1407 1669 Septima
1434 1621 1548 1652 vero
1579 1604 1656 1652 die
1671 1642 1684 1666 ,
1718 1621 1830 1652 cum
1866 1660 1870 1664 ⁴

410 1672 511 1744 jam
531 1682 690 1729 inedia
711 1680 949 1743 deficeret,
978 1682 1195 1747 apparuit
1216 1698 1356 1747 super
1374 1682 1519 1729 altare
1538 1682 1699 1747 pollex
1722 1682 1830 1729 miri

417 1757 638 1805 candoris
659 1774 715 1806 ac
733 1759 851 1806 lucis
871 1759 1114 1822 effulgens.
1137 1759 1339 1821 Cognito
1358 1769 1517 1806 autem
1546 1759 1716 1806 mulier
1741 1759 1828 1806 Dei

471 1926 525 1979 (1)
547 1929 606 1965 De
619 1929 789 1978 reliquiis
801 1931 923 1965 sancti
934 1928 1118 1966 Iohannis
1129 1930 1237 1978 apud
1253 1927 1378 1965 urbem
1390 1930 1661 1966 Maur-ienuam
1672 1929 1827 1974 delatis,

418 1991 538 2028 2205.

469 2053 524 2101 (2)
552 2053 597 2089 In
619 2051 754 2091 diebus
780 2053 1107 2105 precellentissimi
1125 2053 1224 2105 regis
1243 2052 1473 2100 Gontranni,
1493 2052 1629 2091 mulier
1646 2052 1827 2104 quedam,

414 2113 534 2165 Tigris
551 2114 721 2162 nomine,
740 2127 789 2153 ex
802 2115 992 2154 territorio
1008 2116 1287 2168 Mauriginense
1305 2124 1403 2164 orta,
1424 2115 1568 2168 oppido
1584 2115 1689 2168 quod
1704 2114 1830 2154 nomi-

416 2185 530 2215 natur
543 2177 706 2227 Volacis,
720 2178 899 2217 nobiliter
916 2188 1006 2218 nata
1024 2189 1062 2218 et
1078 2180 1194 2218 sacris
1212 2179 1345 2218 litteris
1361 2180 1592 2227 educata;...
1610 2179 1748 2218 accidit
1759 2178 1831 2218 bo-

416 2251 555 2277 norum
578 2239 750 2278 virorum
772 2254 1021 2280 monacorum
1046 2241 1223 2294 religiosa
1245 2242 1403 2280 facultas
1420 2241 1461 2279 in
1478 2239 1830 2291 Jherosolymitanis

416 2300 588 2352 partibus
607 2302 749 2340 sociam
772 2316 946 2356 pergere.
975 2306 1010 2342 A
1039 2303 1179 2355 quibus
1202 2303 1268 2341 illa
1289 2303 1435 2342 audivit
1456 2301 1685 2340 venerabilis
1711 2302 1831 2354 Tigris

417 2362 464 2401 de
479 2362 594 2402 beato
611 2367 633 2402 J
635 2365 786 2404 ohanne
809 2366 997 2418 Baptista;
1017 2366 1131 2414 hujus
1154 2366 1333 2416 reliquias
1356 2365 1471 2403 anxia
1492 2364 1678 2416 querebat
1690 2393 1701 2411 ,
1726 2364 1832 2416 quod

418 2425 588 2465 membra
600 2427 700 2465 illius
711 2427 870 2466 fuissent
880 2428 1037 2466 humata
1048 2427 1087 2465 in
1098 2427 1250 2466 civitate
1261 2427 1444 2474 Samarie,
1459 2441 1534 2478 que
1552 2440 1656 2465 nunc
1670 2426 1831 2466 Sebaste

415 2497 595 2539 vocatur,
615 2502 661 2527 ac
681 2498 852 2542 tempore
872 2490 1103 2542 procedente
1125 2490 1396 2528 Alexandriam
1411 2489 1525 2528 missa
1541 2498 1733 2541 caputque
1750 2490 1831 2538 ejus

416 2550 595 2590 Phoenice
612 2553 815 2604 perlatum.
836 2553 905 2591 His
924 2553 1124 2602 instructa,
1143 2553 1216 2591 Dei
1237 2553 1379 2591 famula
1402 2552 1507 2591 dedit
1528 2566 1685 2605 operam
1709 2566 1831 2604 usque

417 2612 465 2650 ad
477 2613 736 2653 inventionem
750 2614 1026 2654 venerabilium
1038 2615 1258 2667 pignorum,
1274 2624 1311 2653 et
1329 2616 1540 2654 secundum
1558 2615 1663 2667 quod
1681 2614 1829 2653 deside-

418 2674 515 2712 rium
536 2675 703 2714 habebat
718 2676 759 2714 in
776 2677 1028 2715 veneracione
1045 2675 1149 2715 beati
1169 2676 1353 2715 Johannis
1371 2677 1538 2729 Baptiste
1565 2677 1607 2715 in
1632 2676 1830 2714 Morienna

418 2737 616 2776 ecclesiam
648 2739 824 2778 edificare
862 2739 1059 2792 disposuit.
1092 2739 1352 2787 (Ruinartius;
1384 2739 1558 2791 Gregorii
1590 2741 1634 2778 Τ.
1667 2751 1828 2790 operum

419 2800 584 2852 append.
598 2830 609 2847 ,
643 2801 717 2840 eol.
753 2803 875 2850 1342;
905 2802 1127 2840 emendatus
1157 2814 1206 2839 ex
1238 2801 1531 2852 transcriptione
1559 2799 1709 2838 decimo
1741 2813 1826 2837 saec.

419 2871 573 2900 exarata
591 2871 630 2901 et
646 2862 687 2900 in
705 2863 834 2901 archio
853 2864 1065 2903 Maurienn.
1089 2864 1256 2901 ecclesiae
1275 2863 1396 2914 usque
1416 2876 1518 2900 nunc
1536 2865 1717 2909 servata.)
