2002 3418
435 331 513 368 254
841 335 904 371 DE
931 333 1117 372 GLomA
1146 329 1443 374 MARTYRUM.

433 422 714 471 homocum
741 425 948 487 sarcina,
979 434 1152 491 putans
1180 442 1230 472 se
1259 425 1320 473 ad
1349 426 1491 474 aliam
1515 427 1624 476 duci
1654 429 1846 494 urbem;

435 501 733 549 concluserat
767 503 895 551 enim
917 507 1044 551 Deus
1070 504 1234 552 oculos
1259 505 1376 569 ejus,
1402 515 1450 553 et
1469 523 1569 554 non
1596 523 1851 574 cognosce-

434 578 517 627 bat
548 580 661 644 quia
694 596 780 645 per
815 581 944 630 viam
977 598 1073 646 qua
1103 592 1295 630 venerat
1323 582 1692 646 regrediebatur.
1723 587 1852 646 Quid

435 658 617 706 multa?
644 660 921 707 Pervenitur
943 661 1005 708 ad
1028 660 1272 708 basilicam
1302 662 1478 723 sancti,
1505 671 1552 710 et
1576 663 1642 710 ait
1662 663 1724 711 ad
1742 680 1853 712 eum

434 736 507 783 vir
533 754 543 782 :
571 755 596 781 «
618 739 736 783 Ecce
767 736 968 785 domum
995 738 1057 786 de
1080 755 1175 803 qua
1201 738 1390 786 locutus
1418 756 1524 786 sum
1553 739 1665 800 tihi;
1703 741 1854 805 ingre-

435 813 548 861 dere
565 823 613 860 et
630 813 818 878 depone
837 816 1070 863 sarcinam
1089 825 1235 863 tuam.
1256 836 1278 859 2>
1305 816 1386 863 Ille
1405 832 1600 881 quoque
1620 818 1853 882 ingressus

434 899 519 937 est.
546 892 724 937 Verum
743 890 829 937 ubi
850 891 1065 957 deposita
1092 893 1276 940 sarcina
1298 894 1442 958 coepit
1463 894 1672 958 aspicere
1685 931 1697 955 ,
1723 894 1786 942 ad
1803 911 1853 942 se

434 983 649 1015 reversus
681 969 908 1031 cognovit
940 968 1184 1017 basilicam
1219 971 1367 1018 sancti
1382 1008 1394 1032 ‚
1436 971 1495 1019 de
1523 988 1618 1035 qua
1649 989 1723 1020 res
1753 972 1854 1020 illas

436 1043 708 1092 abstulerat.
749 1045 834 1091 Vir
866 1055 1025 1093 autem
1051 1046 1151 1109 jam
1188 1057 1441 1095 recesserat
1474 1047 1537 1095 ab
1573 1065 1649 1097 eo.
1690 1051 1747 1095 Et
1784 1036 1854 1097 sic

435 1132 609 1170 cuncta
630 1140 734 1188 quae
759 1141 870 1172 cum
894 1126 998 1173 viro
1027 1126 1108 1173 illo
1137 1137 1340 1189 gesserat
1362 1128 1552 1192 populis
1578 1129 1813 1177 enarravit
1838 1147 1848 1175 ε

436 1200 564 1247 unde
605 1201 929 1250 indubitatum
970 1213 1039 1252 est
1082 1204 1241 1269 ipsum
1277 1205 1320 1252 ei
1362 1215 1617 1269 martyrem
1658 1205 1853 1255 beatum

436 1280 724 1343 apparuisse.
761 1281 911 1345 Hujus
936 1282 1144 1347 reliquiae
1179 1281 1307 1347 apud
1344 1282 1701 1331 Narbonensem
1729 1283 1853 1332 basi-

436 1357 577 1405 licam
610 1359 888 1407 retinentur.
932 1360 1025 1408 Sed
1061 1377 1171 1408 cum
1204 1361 1347 1425 hujus
1383 1361 1495 1409 aedis
1529 1361 1728 1409 altitudo
1743 1398 1757 1423 ‚
1793 1377 1853 1408 ne

434 1437 625 1499 Liguria
639 1475 652 1499 ‚
678 1437 810 1502 quod
832 1447 902 1485 est
925 1438 1058 1486 locus
1080 1439 1425 1487 amoenissimus
1439 1477 1452 1501 ‚
1478 1455 1507 1487 a
1529 1439 1707 1504 palatio
1734 1439 1855 1502 regis

436 1525 726 1574 cerneretur,
750 1527 931 1565 arceret
945 1555 957 1579 ,
978 1518 1179 1566 contulit
1189 1518 1291 1566 haec
1303 1535 1416 1566 cum
1436 1520 1612 1566 Leone¹
1633 1518 1854 1566 consilia·

437 1594 510 1642 rio
529 1611 609 1642 rex
632 1595 857 1644 Alaricus.
880 1597 974 1655 Qui
991 1598 1058 1643 ait
1083 1614 1094 1643 ε
1120 1617 1143 1640 (ε
1166 1599 1444 1661 Deponatur
1461 1613 1519 1644 ex
1537 1597 1634 1644 hoc
1654 1595 1854 1643 aedificio

438 1687 537 1719 una
563 1682 798 1720 structura
820 1673 1052 1720 machinae
1087 1683 1133 1721 et
1160 1689 1242 1719 rex
1276 1690 1380 1738 quae
1409 1673 1640 1738 placuerit
1661 1672 1854 1719 liberius

438 1750 855 1816 contemplabitur.
872 1770 895 1796 »
912 1754 971 1798 Et
981 1752 1139 1799 statim
1150 1752 1330 1799 vocatis
1343 1751 1585 1817 operariis,
1601 1750 1731 1799 idem
1742 1767 1855 1798 con·

438 1827 638 1875 siliarius
655 1828 922 1876 humiliavit
939 1829 1184 1878 basilicam
1201 1829 1369 1889 sancti,
1399 1827 1606 1876 aedificiis
1627 1844 1728 1876 non
1753 1844 1854 1876 me-

438 1904 554 1952 ritis.
582 1905 676 1953 Sed
697 1907 775 1955 ille
796 1908 1015 1973 protinus
1035 1908 1217 1957 lumine
1239 1908 1391 1955 caruit
1414 1907 1681 1955 oculorum.

988 2033 1146 2070 CAPUT
1167 2033 1305 2070 XCIII.

742 2117 795 2152 De
810 2102 1010 2153 Hemeterio
1027 2125 1061 2170 et
1075 2117 1292 2153 chelidonio
1302 2117 1318 2138 ²
1336 2117 1559 2165 martyribus.

505 2201 771 2264 Calagurris
792 2212 951 2250 autem
973 2202 1088 2250 urbs
1105 2202 1339 2267 Hispaniae
1360 2199 1681 2247 Hemeterium
1702 2199 1859 2248 Cheli·

441 2278 735 2344 doniumque
759 2290 989 2344 martyres
1010 2290 1179 2344 gestat,
1203 2290 1251 2327 et
1271 2295 1391 2343 saepe
1413 2277 1476 2326 ab
1501 2293 1671 2332 eorum
1689 2277 1862 2327 virtute

440 2358 670 2406 miracula
702 2358 946 2406 cernendo
979 2357 1271 2406 diversarum
1304 2354 1635 2419 aegritudinum
1656 2354 1862 2405 medica-

441 2436 571 2484 mina
606 2436 748 2501 capit.
785 2437 845 2482 Hi
875 2436 1051 2483 etenim
1082 2444 1328 2498 martyres,
1359 2450 1386 2481 a
1403 2442 1706 2499 persecutore
1729 2448 1861 2482 com-

440 2513 663 2578 prehensi
683 2523 731 2560 et
751 2512 1126 2579 ad'supplicium
1155 2512 1318 2577 rapti⁸,
1347 2511 1464 2559 dum
1493 2511 1689 2559 diversis
1709 2510 1862 2575 poenis

493 2655 547 2708 (1)
577 2660 614 2695 Is
644 2665 701 2694 est
716 2657 799 2708 ipse
817 2659 911 2702 Leo,
931 2655 1008 2701 cui,
1030 2664 1121 2692 tunc
1133 2655 1304 2706 Evarigis
1319 2654 1417 2706 regis
1435 2652 1652 2692 consiliario
1670 2665 1737 2691 seu
1755 2665 1858 2703 quae-

441 2719 553 2765 stori‚
575 2719 725 2771 scripsit
745 2717 975 2772 Apollinaris
1000 2716 1176 2755 Sidonius
1195 2717 1304 2768 epist.
1325 2719 1347 2755 3
1369 2716 1454 2754 libri
1472 2718 1563 2755 VIII
1581 2724 1619 2754 et
1644 2715 1753 2767 epist.
1783 2715 1855 2762 22,

442 2779 508 2820 lib.
530 2783 595 2820 IV.
617 2781 803 2819 Eumdem
820 2780 950 2820 laudat
968 2778 1163 2818 Ennodius
1180 2778 1220 2816 in
1238 2778 1440 2832 Epiphanii
1459 2778 1558 2816 Vita.
1580 2779 1660 2826 (R.)

497 2842 552 2898 (2)
573 2847 759 2883 Emeterio
777 2853 814 2881 et
833 2845 1056 2890 Celedonio,
1077 2843 1197 2881 2205.
1219 2863 1273 2871 —-
1290 2844 1347 2891 (3)
1367 2845 1427 2880 An
1451 2843 1542 2880 ....3
1561 2847 1673 2879 mart.
1695 2838 1781 2892 (R.)
