2002 3418
315 336 391 374 210
719 336 785 372 DE
815 334 1000 372 GLORIA
1027 335 1323 372 MARTYRUM.

313 419 525 490 ipsarum
562 423 763 488 graviter
801 424 997 489 operiri,
1036 431 1242 471 extracta
1277 439 1307 472 a
1341 422 1467 470 collo
1507 424 1723 489 capsula,

314 519 419 568 quae
449 511 724 551 sanctorum
741 502 942 567 pignora
963 500 1252 560 continebat,
1275 501 1416 549 undis
1437 501 1728 550 tumentibus

315 581 436 630 fidus
471 581 668 646 objecit,
695 597 751 629 ac
790 590 1063 629 sanctorum
1087 580 1356 645 praesidium
1387 579 1514 627 clara
1540 581 1731 628 invocat

313 676 454 722 voce,
487 661 649 708 dicens
673 678 683 707 :
713 662 819 707 «Ne
850 676 1043 726 peream
1071 660 1120 706 in
1142 659 1216 706 his
1235 657 1480 719 fluctibus,
1509 659 1730 706 virtutem

315 747 517 785 vestram
553 738 800 804 deprecor,
831 748 1059 802 martyres
1094 729 1308 800 gloriosi,
1348 735 1431 783 sed
1463 737 1620 801 potius
1649 736 1732 800 qui

309 815 482 879 jugiter
508 815 819 882 pereuntibus
850 815 1068 881 praebetis
1101 815 1350 876 auxilium,
1387 813 1526 873 mihi,
1552 810 1729 878 quaeso,

314 893 527 940 dextram
572 888 731 940 salutis
765 893 1004 958 porrigere
1043 892 1333 956 dignemini3
1369 891 1539 939 fluctus
1571 891 1733 956 oppri-

313 971 427 1018 mite
445 1009 457 1033 ‚
491 987 675 1035 nosque
714 970 777 1018 ad
803 971 932 1017 littus
963 980 1179 1035 optatum
1213 971 1354 1018 vestri
1389 970 1611 1033 adjutorii
1641 983 1734 1034 ope

313 1047 540 1094 reducite.
556 1067 580 1091 x
603 1050 661 1093 Et
671 1047 773 1094 haec
791 1047 971 1109 dicens,
997 1057 1207 1095 cessante
1219 1057 1381 1109 vento,
1396 1046 1735 1099 decedentibus

314 1124 473 1186 undis,
495 1124 558 1172 ad
576 1124 705 1173 littus
724 1126 874 1173 evecti
893 1134 1018 1173 sunt.
1046 1127 1156 1172 Haec
1175 1124 1235 1172 ab
1255 1125 1360 1189 ipso
1383 1125 1590 1188 cognovi
1608 1141 1738 1190 pres-

314 1202 500 1267 bytero.
530 1205 584 1250 ln
608 1202 705 1251 hoc
725 1204 868 1251 etiam
887 1212 1054 1266 stagno
1077 1202 1234 1250 ferunt
1252 1211 1514 1250 tructarum
1534 1202 1736 1267 piscium

317 1281 697 1345 magnitudinem
739 1298 892 1347 usque
927 1282 991 1331 ad
1032 1291 1226 1331 centum
1258 1280 1490 1329 librarum
1522 1279 1738 1346 pondera

315 1360 546 1408 trutinari.

843 1453 1000 1491 CAPUT
1027 1454 1217 1491 LXXVII.

730 1548 784 1583 De
801 1555 923 1583 sancto
937 1548 1083 1584 Victore
1098 1547 1318 1584 Massiliensi.

384 1633 465 1677 Est
480 1633 493 1656 ¹
526 1639 575 1677 et
603 1630 666 1678 ad
694 1631 967 1697 sepulcrum
1002 1633 1152 1680 sancti
1182 1632 1401 1691 VictoriS,
1442 1630 1739 1679 Massiliensis

318 1708 552 1771 martyris,
578 1709 699 1757 mira
724 1710 888 1757 virtus.
925 1712 1045 1757 Nam
1067 1727 1179 1780 cum
1201 1710 1367 1774 saepius
1393 1707 1455 1756 ad
1479 1725 1591 1755 eum
1611 1723 1741 1756 acce-

319 1781 484 1831 dentes
524 1781 701 1830 infirmi
741 1794 966 1831 sanentur
1001 1785 1187 1848 reliqui,
1231 1783 1539 1847 energumeni
1578 1792 1739 1830 tamen

318 1860 522 1908 multum
539 1877 588 1908 se
607 1861 918 1922 conlidentes,
935 1872 982 1910 et
998 1872 1254 1926 martyrem
1269 1862 1605 1923 declamantes,
1625 1861 1742 1925 ejec-

318 1938 378 1986 tis
411 1938 709 1987 daemonibus
744 1939 1023 1988 liberantur.
1066 1940 1326 1988 Aureliani¹
1364 1948 1525 1987 autem
1557 1939 1742 2004 patricii

319 2031 480 2063 servus
507 2033 536 2064 a
564 2017 800 2065 daemonio
833 2028 1079 2084 correptus
1107 2017 1319 2065 dolendo
1342 2018 1471 2065 exitu
1504 2015 1743 2065 cruciaba-

318 2103 411 2154 tur,
442 2095 507 2142 ita
537 2104 591 2141 ut
610 2095 892 2161 plerumque
918 2097 1121 2162 propriis
1140 2112 1188 2143 se
1211 2094 1447 2142 morsibus
1477 2094 1704 2142 laceraret
1726 2112 1738 2141 z

319 2172 402 2218 sed
431 2171 665 2219 adductus
696 2173 759 2220 ad
788 2172 1032 2221 basilicam
1061 2173 1236 2232 sancti,
1263 2189 1374 2219 cum
1402 2188 1451 2219 se
1481 2171 1613 2219 exuri
1642 2170 1743 2234 ejus

319 2250 490 2297 virtute
530 2239 776 2312 fateretur,
817 2251 1118 2299 debacchans
1151 2267 1238 2316 per
1265 2259 1416 2297 totam
1453 2249 1626 2310 aedem,
1665 2248 1742 2295 die

319 2328 454 2375 tertia
479 2329 737 2376 mundatus
767 2329 1006 2377 abscessit.
1033 2329 1127 2386 Qui
1154 2329 1203 2375 in
1234 2338 1415 2375 tantum
1437 2326 1547 2374 fidei
1571 2328 1741 2375 merito

319 2403 571 2453 roboratus
589 2417 660 2454 est
683 2417 736 2454 ut
757 2407 982 2472 deinceps
998 2442 1011 2467 ,
1038 2405 1298 2453 humiliatis
1321 2404 1502 2470 capillis
1516 2439 1528 2460 ,
1557 2403 1743 2452 abbatis

321 2484 511 2531 sortitus
536 2485 757 2533 ordinem
779 2485 1069 2533 monasterio
1088 2484 1172 2531 uni
1194 2492 1564 2549 praeponeretur.

324 2599 367 2606 ..-

373 2670 427 2716 (1)
455 2668 546 2717 Ejus
575 2671 713 2709 festum
738 2667 954 2709 celebratur
981 2670 1042 2708 die
1067 2672 1112 2707 21
1137 2670 1236 2718 julii.
1258 2675 1293 2709 A
1317 2672 1526 2709 Fortunato
1548 2669 1741 2716 laudatur,

319 2728 388 2770 lib.
409 2732 517 2780 VIII,
543 2744 663 2770 carm.
692 2747 747 2770 xv,
775 2737 833 2771 De
854 2732 1009 2771 basilica
1035 2730 1154 2784 ip'sius
1178 2741 1310 2771 noster
1331 2732 1555 2784 Gregorius»,
1574 2730 1643 2771 lib.
1670 2732 1739 2769 IX.

324 2792 441 2842 fflst.‚
463 2805 549 2845 cap.
571 2807 669 2833 xxu.
693 2794 772 2847 (R.)

376 2857 431 2906 (2)
448 2859 664 2905 Auriliani,
691 2870 805 2910 supp.
827 2860 915 2898 478.
