2002 3418
300 329 351 365 22
705 327 772 362 DE
801 326 988 364 GLORIA
1015 325 1312 363 MARTYRUM.

301 433 419 481 pore
448 432 545 479 quo
575 431 761 462 sacrum
796 414 890 462 hoc
921 414 1104 477 lignum
1142 414 1392 473 adoratur,
1433 429 1532 459 non
1561 412 1717 459 solum

301 494 472 541 exinde
489 493 609 540 nihil
623 508 915 557 quemquam
931 492 1118 552 mereri,
1142 490 1224 538 sed
1241 491 1384 537 etiam
1401 489 1719 554 importunius

301 571 606 620 accedentem
627 570 906 618 verberibus
924 570 1090 630 arceri,
1114 568 1359 633 respondit
1394 586 1404 614 :
1439 588 1458 611 «
1491 566 1715 627 QuandO,

301 650 457 713 inquit
472 687 484 711 ‚
514 648 844 712 Hierosolyma
866 646 987 707 abii,
1011 649 1160 693 Futen
1183 646 1409 694 abbatem
1427 645 1581 709 reperi
1602 681 1612 702 ‚
1639 644 1722 707 qui

302 743 525 790 magnam
557 742 669 773 cum
704 725 883 790 Sophia
917 727 1122 787 Augusta
1157 725 1354 787 gratiam
1387 722 1578 783 habuit,
1608 721 1723 768 huic

302 804 430 851 enim
461 820 657 850 omnem
681 803 927 850 Orientem
961 802 1095 865 quasi
1125 802 1345 866 praefecto
1371 801 1673 848 commiserat
1689 803 1717 846 ¹.

302 881 423 928 Huic
455 897 533 927 me
560 880 781 941 subdidi,
809 890 856 927 et
882 896 993 926 cum
1023 878 1084 926 ab
1112 879 1300 926 Oriente
1322 878 1596 942 regrederer
1611 915 1624 938 ‚
1661 877 1723 925 ab

302 960 398 1007 hoc
416 970 464 1007 et
484 969 758 1007 sanctorum
780 959 982 1024 pignora
999 995 1010 1019 ,
1033 967 1080 1004 et
1095 957 1222 1005 hanc
1241 958 1418 1023 pallam
1437 995 1449 1019 ,
1472 956 1532 1003 de
1555 973 1650 1021 qua
1666 973 1724 1003 eo

302 1047 519 1102 tempore
532 1046 696 1084 sancta
713 1053 828 1082 crux
847 1034 1197 1096 involvebatur,
1211 1036 1413 1100 accepi’.
1430 1055 1452 1078 »
1470 1037 1726 1098 Postquam

303 1113 423 1159 mihi
438 1113 511 1158 vir
526 1112 604 1158 ille
623 1112 783 1158 retulit
795 1148 807 1172 ,
835 1120 882 1157 et
898 1110 1025 1156 hanc
1046 1110 1164 1156 mihi
1186 1111 1363 1174 pallam
1382 1109 1593 1171 tradidit,
1613 1126 1729 1175 prae-

304 1190 509 1254 sumpsi,
525 1190 692 1250 fateor,
708 1205 816 1236 eam
829 1187 1040 1248 abluere,
1060 1197 1107 1234 et
1123 1187 1388 1250 frigoriticis
1400 1197 1569 1253 potum
1585 1187 1698 1235 dare
1711 1207 1724 1249 3

303 1267 388 1314 sed
412 1283 543 1328 mox,
575 1266 839 1331 opitulante
863 1265 1035 1311 virtute
1060 1264 1239 1326 divina,
1265 1265 1572 1312 sanabantur.
1601 1263 1730 1310 Scin-

306 1343 482 1392 debam
503 1344 649 1391 etiam
678 1342 850 1390 exinde
874 1342 1156 1407 plerumque
1179 1342 1462 1407 particulas,
1487 1351 1535 1389 et
1554 1340 1732 1388 dabam

305 1422 534 1486 religiosis
553 1438 643 1486 pro
666 1420 1018 1469 benedictione.

373 1500 466 1546 Uni
484 1515 600 1546 vero
618 1499 781 1547 abbati
796 1508 983 1563 partem
1005 1497 1142 1544 divisi
1167 1515 1178 1543 :
1203 1499 1285 1562 qui
1305 1508 1415 1563 post
1428 1496 1551 1544 duos
1573 1495 1635 1544 ad
1655 1513 1732 1543 me

306 1592 461 1624 annos
483 1576 694 1639 rediens,
721 1593 833 1624 cum
855 1586 1152 1623 sacramento
1176 1576 1372 1623 asseruit
1392 1573 1650 1622 duodecim
1669 1574 1731 1621 ab

307 1670 364 1701 ea
385 1670 750 1716 energumenos,
767 1663 861 1700 tres
880 1668 1046 1713 caecos,
1067 1652 1284 1717 duosque
1295 1652 1580 1718 paralyticos
1595 1650 1734 1697 fuisse

308 1741 514 1778 sanatos.
542 1733 673 1778 Muto
696 1731 888 1778 cuidam
911 1731 1063 1795 ipsam
1084 1731 1261 1795 pallam
1281 1731 1332 1777 in
1351 1747 1406 1778 os
1427 1730 1586 1795 posuit
1613 1747 1624 1775 τ
1650 1728 1734 1776 sed

308 1824 421 1854 cum
449 1808 641 1869 dentes,
678 1808 986 1872 linguamque
1020 1807 1121 1870 ejus
1154 1808 1305 1870 attigit
1324 1846 1336 1869 ,
1377 1807 1534 1855 statim
1564 1822 1734 1853 vocem

310 1885 651 1948 eloquiumque
674 1885 890 1932 restituit.
911 1885 1056 1942 Quod
1071 1901 1160 1932 nos
1175 1885 1376 1932 fideliter
1397 1883 1591 1931 credere
1604 1884 1736 1949 ,ipsa

309 1963 505 2009 Domini
521 1963 773 2028 promissio
791 1962 924 2009 illicit
941 1962 1104 2009 dicens
1124 1979 1135 2007 :
1163 1964 1330 2010 Omnia
1347 1979 1736 2028 qaaecumquepe-

312 2041 483 2087 abr-itis
505 2042 556 2087 in
578 2041 769 2087 nomine
799 2056 902 2086 meo
919 2076 932 2099 ,
966 2038 1140 2086 credite
1167 2041 1279 2105 quia
1307 2040 1550 2104 accipietis·
1582 2050 1632 2087 et
1667 2055 1738 2086 ve—

313 2119 443 2165 nient
462 2117 626 2165 vobi-9³.

361 2313 426 2365 (1)
447 2316 539 2364 Quis
562 2316 626 2355 ille
651 2315 769 2355 abbas
794 2315 928 2363 fuerit,
953 2315 1105 2367 ignoro.
1134 2313 1283 2350 Photan
1316 2311 1485 2351 celebrat
1507 2312 1736 2365 martyrolo-

314 2378 418 2430 gium
438 2379 671 2417 Divionense
691 2378 753 2416 die
772 2380 794 2415 6
821 2377 920 2426 junii
939 2376 1042 2428 apud
1064 2374 1348 2414 Bollandianos.
1371 2377 1451 2423 (R.)

370 2441 424 2488 (2)
456 2441 516 2478 Ad
562 2442 666 2479 illam
710 2441 850 2492 pallam
891 2439 1061 2478 alludere
1096 2437 1247 2476 videtur
1291 2439 1522 2476 Fortunatus
1566 2436 1634 2476 lib.
1673 2440 1735 2485 II,

314 2516 435 2541 carm.
459 2505 497 2542 3.
518 2506 598 2552 (R.)

369 2567 426 2614 (3)
458 2569 577 2605 Marc.
601 2581 655 2614 xi,
678 2569 761 2622 241..μ
