2002 3418
325 291 373 326 78
719 293 787 329 DE
818 291 1006 329 GLORIA
1038 290 1335 328 MARTYRUM.

879 427 1036 463 CAPUT
1061 427 1179 462 XXX.

692 522 745 556 De
759 521 898 556 Joanne
914 521 1075 568 apostolo
1091 528 1125 555 et
1140 518 1363 567 evangelista.

387 623 594 668 Joannes
605 635 719 668 vero
736 621 978 685 apostolus
996 631 1042 668 et
1065 621 1349 685 evangelista
1364 620 1492 679 Dei1,
1507 628 1616 686 post
1635 636 1741 685 per-

322 708 483 745 actum
518 708 616 746 tam
651 699 817 762 agonis
848 699 1044 762 legitimi
1066 716 1211 763 quam
1244 698 1591 764 praedicationis
1619 698 1742 746 salu-

321 775 539 823 berrimae
561 789 771 839 cursum,
795 777 931 825 vivus
951 777 1242 825 descendens
1264 778 1314 825 in
1339 778 1543 840 tumulo,
1568 777 1744 842 operiri

323 871 372 901 se
401 854 551 902 humo
579 855 817 920 praecepit.
854 855 998 919 Cujus
1025 872 1156 903 nunc
1189 856 1459 921 sepulcrum
1487 871 1666 902 manna
1692 855 1742 902 in

239 947 242 954 ¹
323 932 525 979 modum
556 932 717 980 farinae
740 932 981 997 hodieque
1013 943 1194 982 eructat
1210 971 1223 996 ‚
1258 950 1316 980 ex
1344 933 1612 998 qua'beatae
1636 932 1742 980 reli-

323 1009 445 1071 quiae
459 1046 472 1070 ‚
496 1025 583 1073 per
603 1008 879 1055 universum
911 1009 1075 1057 delatae
1104 1010 1364 1071 mundum,
1389 1011 1589 1058 salutem
1614 1018 1743 1056 mor-

323 1084 449 1132 bidis
475 1092 713 1151 praestant.
750 1085 837 1132 Hic
867 1095 937 1133 est
968 1089 1175 1134 Joannes
1205 1104 1351 1151 quem
1376 1087 1611 1135 Dominus
1636 1087 1744 1152 plus

323 1179 470 1227 quam
503 1173 696 1210 caeteros
729 1163 890 1210 dilexit
921 1164 1188 1229 apostolos,
1226 1165 1309 1229 qui
1337 1174 1477 1213 tantae
1508 1165 1746 1212 charitatis

323 1256 486 1289 amore
523 1242 741 1307 praelatus
773 1252 843 1289 est
879 1252 933 1289 ut
946 1280 958 1304 ‚
1006 1258 1148 1308 super
1188 1243 1346 1308 ipsum
1377 1245 1496 1291 sacri
1532 1242 1747 1308 corporis

322 1328 487 1383 pectus
521 1318 836 1381 accumbens,
874 1320 1209 1383 mysteriorum
1245 1320 1507 1367 coelestium
1537 1320 1747 1368 hauriret
1796 1326 1802 1331 ’

323 1411 511 1444 arcana.
557 1398 662 1461 Ipsi
687 1398 830 1444 etiam
864 1398 1101 1445 Dominus
1124 1407 1287 1445 noster
1316 1399 1570 1461 gloriosam
1603 1398 1746 1445 Geni-

322 1474 514 1537 tricem‚
553 1476 688 1539 quasi
714 1475 942 1540 peculiari
973 1475 1188 1541 quodam
1217 1476 1366 1523 modo
1398 1477 1656 1542 discipu10‚
1693 1476 1743 1523 in*

323 1553 425 1617 ipsa
441 1554 674 1618 passionis
692 1553 831 1616 hora,
856 1554 907 1600 in
924 1570 1064 1601 cruce
1085 1570 1175 1619 pro
1195 1554 1364 1602 mundi
1381 1554 1529 1601 salute
1544 1553 1741 1618 positus,

324 1631 694 1678 commendavit.
729 1634 800 1678 De
834 1631 931 1678 hoc
968 1633 1098 1679 enim
1133 1642 1180 1679 et
1212 1642 1320 1698 post
1352 1632 1745 1680 resurrectionem

325 1708 441 1756 dixit
462 1727 472 1755 ε
494 1711 575 1756 Sic
598 1726 707 1756 eam
726 1709 828 1757 volo
853 1727 1050 1756 manere
1068 1709 1214 1757 donec
1232 1712 1415 1758 veniam
1430 1713 1459 1756 ¹.
1486 1712 1539 1757 In
1558 1709 1745 1775 Epheso

325 1797 485 1835 autem
504 1787 709 1836 habetur
726 1789 861 1836 locus
878 1789 928 1836 in
947 1805 1045 1854 quo
1064 1789 1144 1836 hic
1166 1789 1409 1855 apostolus
1438 1788 1747 1852 Evangelium

325 1866 457 1929 quod
477 1882 534 1912 ex
556 1866 657 1930 ejus
673 1868 871 1913 nomine
897 1867 947 1913 in
976 1867 1187 1915 Ecclesia
1211 1867 1382 1930 legitur
1405 1866 1604 1932 scripsit.
1627 1868 1748 1914 Sunt

325 1953 484 1990 autem
500 1943 550 1989 in
567 1944 837 1990 summitate
856 1943 1033 1990 montis
1056 1944 1180 1991 illius
1198 1944 1404 2010 proximi
1425 1953 1631 2008 quatuor
1646 1943 1746 1990 sine

324 2030 448 2068 tecto
461 2021 678 2087 parietes.
703 2024 758 2067 In
776 2021 850 2068 his
866 2021 995 2068 enim
1010 2022 1215 2069 orationi
1228 2021 1463 2084 insistens,
1483 2021 1747 2069 Dominum

325 2099 510 2146 assidue
528 2116 618 2164 pro
639 2099 821 2147 delictis
839 2100 1007 2165 populi
1031 2100 1310 2166 deprecanS,
1337 2099 1642 2148 morabatur:
1659 2097 1746 2146 ob-

324 2177 558 2241 tinuitque
570 2194 631 2229 ne
648 2178 698 2224 in
714 2178 823 2225 loco
838 2178 920 2226 illo
938 2178 1093 2225 imber
1111 2179 1235 2225 ullus
1251 2177 1571 2238 descenderet,
1591 2176 1747 2223 donec

324 2254 400 2301 ille
435 2256 743 2319 Evangelium
779 2256 1074 2321 adimpleret.
1116 2255 1209 2302 Sed
1239 2265 1286 2302 et
1322 2270 1473 2318 usque
1506 2254 1652 2301 hodie
1682 2253 1748 2300 ita

324 2343 568 2397 praestatur
606 2350 636 2382 a
664 2334 894 2395 Domino,
922 2343 976 2380 ut
1007 2333 1138 2380 nulla
1162 2332 1231 2379 ibi
1261 2332 1518 2381 descendat
1552 2331 1715 2398 pluvia
1729 2368 1743 2393 ,

325 2425 480 2473 neque
503 2410 658 2458 imber
681 2411 917 2458 violentus
937 2410 1173 2458 adveniat.

392 2490 445 2534 In
464 2505 521 2536 ea
538 2488 658 2535 urbe
679 2488 826 2536 Maria
841 2487 1116 2551 Magdalene
1135 2488 1335 2552 quiescit
1348 2489 1378 2550 ³,
1401 2488 1589 2536 nullum
1600 2502 1746 2552 super

380 2672 433 2718 (1)
451 2671 511 2708 An
533 2672 611 2712 100
629 2673 808 2720 aut104,
829 2672 879 2708 27
902 2674 994 2710 Dec.
1015 2673 1095 2721 (R.)

379 2734 434 2781 (2)
451 2735 563 2772 Joan.
583 2746 668 2781 ΧΠ,
689 2734 756 2771 22.

380 2795 436 2842 (3)
453 2793 560 2833 Idem
578 2793 694 2832 habet
711 2802 846 2832 auctor
862 2794 956 2833 Vitae
979 2794 1099 2834 sancti
1119 2795 1322 2834 Willibaldi
1342 2795 1382 2834 in
1404 2803 1495 2834 nota
1513 2793 1662 2847 paginae
1675 2795 1740 2833 79.
