2002 3418
389 304 465 340 288
786 304 852 340 DE
881 302 1067 340 GLORIA
1095 303 1390 342 MARTYRUM.

388 407 531 456 opere
552 390 746 438 veniens
760 427 773 452 ‚
797 390 872 448 his
895 390 1096 438 dimissis
1112 428 1124 452 ,
1151 407 1200 437 se
1221 390 1478 455 hospitiolo
1501 392 1793 441 reconderet.

387 472 482 516 Nec
504 484 661 530 mora,
685 469 760 516 sur
783 486 927 535 rapax
951 469 1101 518 adfuit
1115 507 1127 530 ,
1153 470 1236 534 qui
1259 486 1340 517 eos
1368 471 1490 518 clam
1511 472 1701 536 capiens
1727 489 1797 520 se·

387 562 498 593 cum
518 546 715 594 abduxit
735 565 744 593 :
778 564 1083 610 egressusque
1114 564 1294 612 pauper
1328 548 1378 593 in
1413 550 1616 596 crastino
1633 586 1647 612 ,
1680 550 1799 597 nihil

386 624 582 672 invenit.
603 625 787 672 Deinde
803 627 968 690 quaerit
984 642 1069 690 per
1086 625 1239 686 devia,
1262 626 1428 671 circuit
1443 627 1596 687 silvas,
1618 627 1800 674 scandit

386 703 621 749 montium
643 702 808 764 ardua,
838 703 922 750 sed
944 719 1033 749 nec
1053 703 1301 766 vestigium
1323 702 1516 765 quidem
1537 703 1799 768 deprehen·

386 777 498 826 dere
520 789 691 844 potest.
717 779 854 826 Redit
877 780 939 827 ad
959 780 1168 845 propria,
1190 779 1272 827 dat
1293 797 1433 827 voces
1454 780 1504 826 in
1524 780 1638 827 fletu
1659 790 1799 845 atque

387 871 497 902 cum
521 873 667 904 uxore
689 873 745 903 ac
762 856 923 904 liberis
939 857 1136 921 plangit,
1153 857 1340 904 dicens:
1374 877 1396 900 c<
1415 859 1490 904 Vae
1508 857 1666 918 mihi¹,
1688 858 1799 921 quia

381 932 595 995 juvencis
617 933 809 980 defectis
817 934 913 980 hoc
927 950 1055 981 anno
1075 934 1197 982 fame
1207 935 1491 982 moriemini.
1509 934 1674 992 »Quid
1693 935 1799 999 plu·

388 1009 477 1056 ra?
503 1009 692 1056 Accedit
709 1010 974 1058 lamentans
992 1010 1054 1057 ad
1073 1011 1340 1075 sepulcrum
1353 1011 1480 1058 beati
1500 1012 1660 1058 Felicis
1677 1027 1801 1058 mar-

387 1086 517 1149 tyris,
547 1085 628 1133 dat
644 1102 755 1132 cum
775 1086 889 1133 fletu
911 1087 1154 1149 gemitum,
1183 1097 1346 1134 exorat
1369 1098 1423 1134 ut
1452 1087 1495 1134 ei
1524 1087 1672 1134 virtus
1701 1088 1802 1151 ejus

388 1179 493 1226 quae
526 1163 798 1228 perdiderat
830 1163 966 1211 reddi
997 1163 1232 1211 obtineret
1265 1180 1294 1211 a
1321 1165 1549 1211 Domino.
1583 1167 1802 1226 Egressus

387 1250 546 1287 autem
568 1257 596 1288 a
619 1241 798 1306 templo
822 1251 931 1297 ante
956 1241 1108 1306 ipsam
1127 1241 1233 1288 atrii
1250 1240 1447 1305 januam
1478 1241 1690 1304 agnoscit
1713 1240 1803 1288 bo-

388 1333 470 1364 ves
496 1333 607 1364 suos
631 1327 679 1364 et
709 1317 774 1365 ait
797 1336 807 1363 :
833 1337 857 1362 «
874 1319 916 1364 O
934 1334 1107 1381 magna
1130 1318 1278 1365 virtus
1298 1317 1530 1381 martyris,
1560 1333 1664 1380 quae
1687 1316 1805 1364 mihi

387 1393 625 1459 perditum
637 1404 735 1442 tam
753 1395 977 1443 velociter
990 1396 1170 1443 restitui
1186 1394 1317 1443 fecit!
1337 1395 1700 1458 »Ingressusque
1721 1394 1799 1441 ite-

388 1487 496 1519 rum
525 1473 838 1537 prosternitur
865 1473 927 1520 ad
955 1474 1281 1539 pavimentum
1314 1482 1386 1534 et,
1419 1472 1586 1535 gratias
1618 1487 1761 1535 agens
1770 1473 1800 1532 ²,

389 1566 499 1596 cum
525 1549 667 1597 rebus
686 1567 920 1615 regressus
943 1561 1012 1598 est
1034 1551 1154 1609 suis,
1182 1550 1470 1612 oculumque
1487 1549 1695 1596 hominis
1711 1548 1806 1595 hu-

384 1626 477 1690 jus,
498 1643 642 1691 quem
663 1645 839 1675 caecum
856 1627 1082 1689 habebat,
1110 1627 1326 1691 martyris
1344 1627 1492 1673 virtus
1505 1626 1799 1673 illuminavit.

454 1703 521 1750 Ad
543 1704 683 1767 hujus
699 1720 890 1768 quoque
907 1704 1085 1751 cellulae
1106 1704 1350 1768 parietem,
1372 1719 1468 1767 quo
1488 1701 1683 1750 beatum
1700 1717 1805 1748 cor-

390 1796 479 1844 pus
503 1781 687 1828 tumulo
720 1781 969 1828 conditum
998 1781 1248 1845 requiescit
1261 1818 1274 1842 ,
1308 1780 1514 1828 adhaeret
1531 1778 1806 1844 appendens

390 1859 621 1922 porticus,
656 1860 706 1910 in
730 1875 825 1923 qua
849 1858 1125 1924 dependens
1148 1858 1260 1904 fune
1283 1857 1485 1921 lychnus
1505 1857 1668 1903 lumen
1695 1856 1805 1903 loco

389 1946 701 1983 consueverat
729 1937 1012 1983 ministrare.
1047 1936 1128 1983 Ille
1153 1945 1329 1995 autem,
1356 1934 1434 1980 cui
1461 1933 1556 1980 hoc
1579 1942 1678 1979 erat
1705 1931 1805 1982 offi-

391 2013 519 2061 cium
535 2014 751 2061 contueri
768 2014 830 2062 ad
844 2014 944 2078 ejus
959 2013 1373 2078 compositionem,
1392 2010 1638 2071 accedens,
1650 2010 1806 2057 laxato

391 2088 503 2137 fune
526 2090 758 2151 discessit,
792 2090 927 2154 quasi
949 2090 1110 2136 oleum
1135 2089 1382 2155 petiturus.
1414 2089 1628 2150 Cumque
1646 2086 1808 2134 omnia

391 2167 599 2215 tenebris
618 2167 978 2216 nocturnalibus
1003 2176 1274 2215 tenerentur
1296 2175 1461 2231 operta
1483 2175 1530 2212 et
1552 2164 1675 2211 funis
1696 2180 1807 2210 cum

391 2245 629 2292 uncinulis
661 2247 710 2292 in
749 2245 908 2293 medio
942 2245 1152 2311 porticus
1184 2244 1459 2292 submissior
1492 2241 1803 2306 dependeret,

392 2322 588 2386 quidam
612 2322 673 2370 de
691 2322 954 2370 astantibus
974 2323 1025 2369 in
1040 2322 1198 2385 vigilia
1224 2320 1389 2380 sancti,
1414 2318 1590 2366 nebula
1609 2317 1803 2376 cellulae,

393 2415 497 2463 quae
520 2400 580 2447 de
599 2411 762 2448 exusta
781 2410 1043 2447 surrexerat
1064 2414 1264 2464 papyro,
1291 2397 1524 2460 fatigatus,
1550 2396 1663 2446 soris
1683 2411 1808 2459 egre·

393 2476 535 2524 ditur.
559 2481 774 2543 Cumque
791 2495 877 2544 per
895 2477 1132 2543 porticum
1153 2476 1283 2523 illam
1301 2475 1555 2541 praeteriret
1567 2511 1580 2536 ,
1606 2489 1730 2520 unus
1747 2472 1807 2519 de

396 2555 631 2603 uncinulis
653 2557 777 2604 funis
797 2555 963 2604 faciem
980 2554 1163 2619 excepit
1182 2553 1391 2601 hominis
1411 2552 1658 2614 venientis,
1677 2550 1806 2598 illato

446 2728 500 2776 (1)
521 2730 603 2765 Heu
624 2730 752 2766 miseri
772 2729 847 2778 filii
865 2731 959 2775 mei,
983 2727 1099 2766 3788}

446 2791 500 2839 (2)
523 2804 637 2843 agens
650 2794 744 2837 Deo,
765 2796 960 2828 revertitur
979 2792 1034 2827 ad
1044 2794 1224 2841 propria,
1244 2791 1364 2837 3⁷883
1384 2789 1449 2828 ubi
1473 2789 1626 2841 capituli
1643 2788 1741 2827 finis.
