2002 3418
416 356 466 393 60
811 357 878 394 DE
907 355 1093 394 GLORIA
1123 356 1419 393 MARTYRUM.

414 443 463 490 in
487 441 658 491 tabulis
675 443 832 492 cordis
853 443 1098 491 credentes
1116 444 1282 509 populi
1305 444 1509 491 retinent
1525 481 1538 506 ‚
1568 444 1666 508 ejus
1688 445 1830 494 etiam

413 521 668 586 imaginem
701 521 762 568 ad
803 524 1312 569 commemorationem
1346 521 1530 568 virtutis
1570 522 1618 568 in
1659 522 1831 571 tabulis

413 598 676 646 visibilibus
696 600 874 664 pictam
891 616 978 664 per
998 600 1217 646 ecclesias
1234 615 1289 646 ac
1308 599 1481 646 domos
1502 599 1695 662 affigant
1715 619 1726 647 ε
1746 602 1830 649 sed

412 686 459 723 et
491 677 541 723 in
575 677 672 724 hoc
706 677 926 724 inimicus
959 693 1144 742 semper
1177 677 1376 724 humani
1420 677 1601 740 generis
1635 679 1831 727 aemulus

412 765 575 803 exstat.
603 757 725 804 Nam
746 755 934 802 Judaeus
955 755 1152 820 quidam
1180 772 1290 802 cum
1312 755 1644 818 hujuscemodi
1669 755 1833 819 imagi-

412 849 524 880 nem
553 833 603 880 in
629 833 790 881 tabula
822 834 1025 898 pictam,
1053 849 1109 880 ac
1139 833 1305 898 parieti
1336 832 1526 880 affixam
1559 833 1608 879 in
1637 834 1832 882 ecclesia

412 926 532 975 saepe
560 910 780 972 vidisset,
821 911 887 958 ait
912 928 923 956 ε
955 930 979 955 «
1007 913 1127 957 Ecce
1164 910 1464 958 seductorem
1483 910 1618 956 illum
1639 910 1722 974 qui
1743 927 1832 958 nos

413 1003 654 1051 genusque
680 996 898 1033 nostrum
926 986 1210 1034 humiliavit.
1231 1005 1254 1032 »
1278 989 1336 1033 Et
1357 987 1423 1034 sic
1446 996 1587 1033 nocte
1615 987 1827 1049 veniens,

412 1064 506 1111 telo
531 1065 682 1128 ipsam
708 1064 965 1127 imaginem
997 1062 1213 1111 verberat
1229 1101 1241 1125 ,
1268 1064 1525 1128 elisamque
1549 1063 1609 1110 de
1630 1064 1827 1129 pariete,

412 1150 628 1205 opertam
655 1150 783 1188 veste
799 1177 812 1202 ,
848 1141 910 1188 ad
949 1140 1150 1187 domum
1185 1150 1404 1205 portans,
1451 1140 1656 1189 flammis
1698 1150 1834 1206 parat

410 1234 622 1265 exurere.
649 1218 742 1265 Sed
759 1234 833 1265 res
857 1219 977 1266 mira
997 1219 1215 1283 apparuit
1231 1255 1243 1279 ,
1266 1235 1370 1282 quae
1385 1255 1398 1280 ,
1421 1218 1553 1283 quod
1578 1219 1638 1267 de
1661 1220 1832 1267 virtute

409 1296 498 1342 Dei
526 1296 686 1359 fuerit,
728 1313 829 1345 non
860 1307 1017 1363 potest
1048 1297 1242 1361 ambigi.
1280 1299 1401 1345 Nam
1433 1297 1494 1345 de
1525 1297 1720 1345 vulnere
1749 1298 1833 1346 uhi

410 1373 568 1437 imago
600 1374 856 1422 transfossa
893 1375 1044 1423 fuerat
1059 1413 1072 1438 ,
1112 1375 1301 1440 sanguis
1326 1375 1521 1422 effluxit.
1557 1376 1702 1434 Quod
1732 1377 1832 1441 ipse

410 1451 601 1515 iniquus
639 1453 897 1517 spiculator
931 1453 1150 1518 oppletus
1183 1453 1341 1501 furore
1371 1470 1472 1501 non
1507 1454 1668 1501 sensit.
1711 1456 1832 1501 Cum

410 1538 570 1576 autem
587 1546 674 1594 per
690 1529 903 1578 obscurae
926 1531 1080 1577 noctis
1099 1530 1318 1578 tenebras
1339 1530 1540 1578 domum
1563 1548 1699 1579 suam
1723 1531 1833 1579 fuis-

411 1614 480 1652 set
491 1606 742 1669 ingressus,
759 1607 940 1655 lumine
957 1607 1174 1655 adhibito
1193 1608 1344 1655 cernit
1365 1625 1414 1656 se
1433 1618 1589 1656 totum
1604 1609 1833 1672 sanguine

411 1693 711 1732 cruentatum
733 1702 745 1731 ε
769 1686 1034 1750 timensque
1055 1702 1117 1733 ne
1134 1686 1285 1733 scelus
1300 1702 1440 1734 suum
1460 1685 1704 1752 patefieret
1715 1723 1728 1748 ,
1747 1686 1832 1735 ab·

407 1760 623 1824 jectama
646 1778 695 1809 se
715 1761 930 1810 tabulam
949 1762 1134 1811 abdidit
1155 1764 1206 1810 in
1228 1763 1464 1826 obscuris,
1491 1780 1581 1811 nec
1602 1780 1743 1812 ausus
1764 1773 1834 1812 est

411 1838 535 1886 ultra
556 1839 831 1903 contingere
849 1840 982 1904 quod
1005 1841 1167 1905 inique
1189 1841 1486 1906 praesumpsit
1515 1840 1717 1888 auferre.
1744 1841 1834 1887 Ve-

411 1915 594 1964 nientes
605 1927 764 1965 autem
780 1918 1032 1966 Christiani
1054 1918 1266 1966 diluculo
1290 1918 1353 1966 ad
1375 1918 1576 1966 domum
1597 1918 1712 1979 Dei,
1740 1917 1834 1974 ico-

413 1993 570 2040 nicam
581 2011 679 2042 non
695 1995 963 2058 inveniunt,
977 2005 1313 2061 stupentesque
1326 2012 1382 2044 ac
1399 1996 1691 2061 requirentes
1700 1993 1834 2059 quod

414 2069 566 2118 fuerat
577 2071 771 2134 factum,
788 2073 969 2119 cruoris
983 2072 1179 2136 vestigia
1190 2072 1573 2138 deprehendunt.
1610 2070 1754 2130 Quod
1766 2087 1835 2119 se-

414 2155 612 2208 quentes
628 2183 641 2208 ,
667 2145 729 2194 ad
752 2146 953 2194 domum
982 2147 1131 2194 Judaei
1154 2146 1404 2195 accedunt.
1432 2147 1650 2211 Denique
1681 2145 1834 2193 scisci-

415 2223 500 2270 tati
531 2223 590 2271 de
627 2224 790 2281 tabula
805 2262 817 2286 ,
858 2225 977 2272 nihil
1012 2226 1126 2272 certi
1169 2234 1481 2289 cognoscunt.
1526 2223 1833 2287 Requirentes

415 2310 575 2349 autem
590 2319 696 2350 earn
708 2303 922 2366 sollicite,
942 2305 992 2350 in
1009 2303 1185 2367 angulo
1204 2302 1383 2350 cellulae
1397 2301 1545 2349 Judaei
1560 2300 1800 2366 reperiunt
1817 2317 1827 2346 :

417 2394 512 2442 qua
532 2381 738 2429 ecclesiae
761 2380 946 2428 reddita
963 2416 976 2443 ,
1000 2380 1154 2428 furem
1171 2379 1408 2445 lapidibus
1430 2378 1710 2442 obruerunt.
