2002 3418
294 372 297 374 ,
363 330 411 366 70
761 332 828 374 ΒΕ
855 331 1044 377 GLORIA
1071 333 1369 373 MARTYRUM.

360 432 505 480 quem
534 417 713 476 furatus
735 417 914 480 fuerat,
939 418 1170 480 reddidit3
1199 428 1247 466 et
1269 419 1336 467 sic
1359 419 1532 474 iterum
1557 431 1774 485 porrecta

358 495 552 557 lagena,
586 496 779 584 plenam
808 513 941 561 aquae
973 497 1166 562 recepit.
1203 499 1285 544 Est
1310 497 1440 544 enim
1471 499 1677 563 populus
1697 500 1775 547 ille

357 573 619 636 haereticus,
645 575 727 638 qui
743 574 910 622 videns
924 575 1027 622 haec
1045 575 1298 638 magnalia,
1322 591 1422 621 non
1440 577 1776 640 compungitur

357 651 421 699 ad
443 652 754 715 credendum,
777 653 861 700 sed
878 670 1066 719 semper
1088 653 1256 701 callide
1280 653 1550 701 divinarum
1569 671 1781 736 praecep·-

356 731 544 779 tionum
568 743 864 780 sacramenta
887 732 1186 797 nequissimis
1204 733 1649 797 interpretationum
1671 749 1778 797 gar-

356 809 673 857 rulationibus
689 826 789 856 non
808 809 1008 857 desinit
996 826 1305 875 impugnare:
1323 809 1407 857 sed
1423 810 1571 857 virtus
1582 810 1778 857 Domini

357 886 592 935 diversam
610 897 795 952 partem
813 887 1010 935 destruit
1028 897 1075 934 et
1090 887 1359 935 confundit.

899 1037 1056 1071 CAPUT
1079 1036 1238 1071 XXVII.

619 1130 672 1163 De
689 1129 860 1176 martyrio
873 1129 884 1149 ¹
906 1128 1032 1163 Jacobi
1050 1128 1215 1176 apostoli,
1234 1128 1352 1163 fratris
1369 1128 1532 1163 Domini.

420 1229 628 1279 Jacobus
660 1230 905 1295 apostolus
918 1232 950 1292 ²,
982 1230 1067 1295 qui
1089 1240 1138 1277 et
1164 1229 1307 1277 stater
1331 1231 1528 1278 Domini
1548 1231 1781 1279 vocitatus

356 1320 444 1372 est,
470 1309 533 1358 ab
554 1310 660 1375 ipso
676 1310 888 1357 Domino
915 1319 1081 1357 nostro
1099 1312 1210 1357 Jesu
1232 1309 1421 1357 Christo
1446 1306 1699 1375 episcopus
1713 1310 1782 1357 di-

359 1389 481 1436 citur
503 1387 768 1435 ordinatus.
807 1390 920 1434 Post
953 1387 1088 1451 cujus
1121 1387 1377 1451 gloriosam
1413 1387 1749 1435 Ascensionem
1765 1425 1778 1450 ‚

358 1466 477 1514 dum
500 1467 628 1513 viam
652 1465 840 1529 justitiae
869 1465 1042 1512 Judaeis
1066 1464 1335 1512 errantibus
1357 1465 1539 1530 aperire
1561 1475 1780 1528 conatur,

359 1545 419 1592 de
445 1545 594 1610 pinna
615 1544 781 1609 templi
802 1544 1143 1609 praecipitatus,
1168 1544 1394 1606 alliditur,
1423 1543 1670 1608 effusoque
1691 1545 1783 1592 ful-

356 1622 482 1670 lonis
501 1621 620 1668 fuste
639 1620 857 1683 cerebro,
882 1621 1101 1686 spiritum
1122 1620 1367 1682 reddidit³,
1393 1620 1697 1685 sepultusque
1715 1631 1791 1676 est

359 1699 410 1746 in
441 1708 605 1745 monte
632 1698 828 1759 oliveti,
857 1698 907 1744 in
932 1696 1166 1744 memoria
1181 1734 1194 1758 ‚
1221 1713 1368 1760 quam
1399 1696 1490 1744 sibi
1520 1696 1621 1761 ipse
1653 1697 1785 1761 prius

358 1776 695 1839 fabricaverat,
721 1786 768 1824 et
788 1777 838 1823 in
857 1792 955 1840 qua
976 1775 1253 1823 Zachariam
1276 1791 1333 1823 ac
1357 1775 1632 1823 Simeonem
1655 1791 1785 1840 sepe-

357 1856 509 1903 lierat.
536 1857 646 1902 Haec
664 1854 725 1902 de
746 1853 929 1902 Jacobo
952 1853 1189 1919 apostolo.

891 2002 1049 2038 CAPUT
1075 2001 1256 2037 XXVIII.

812 2097 865 2131 De
879 2104 1001 2131 sancto
1017 2096 1122 2131 Petro
1137 2095 1301 2143 apostolo
1310 2095 1338 2131 ⁴.

426 2202 588 2247 Petrus
609 2199 852 2264 apostolus
863 2200 895 2260 ³,
916 2197 982 2246 ob
997 2198 1316 2245 humilitatem
1334 2196 1621 2258 docendam,
1642 2207 1787 2262 caput

361 2279 564 2342 desuper
581 2276 773 2324 tonderi
793 2276 1020 2338 instituit,
1051 2276 1135 2339 qui
1158 2274 1220 2322 ab
1243 2273 1472 2340 apostolis
1489 2274 1667 2321 caeteris
1687 2275 1786 2341 epi-

415 2464 469 2511 (1)
488 2464 681 2511 Sepulcm,
702 2461 823 2500 2205.

413 2529 468 2575 (2)
486 2529 563 2566 An.
586 2527 630 2564 61
655 2525 718 2563 vel
741 2525 807 2571 62,
831 2525 850 2561 1
876 2521 981 2560 Maii.
1002 2522 1082 2569 (R.)

416 2590 471 2640 (3)
492 2587 585 2642 Ejus
603 2586 829 2638 martyrium
841 2583 1022 2622 describit
1034 2582 1272 2635 Hegesippus
1290 2581 1395 2634 apud
1406 2580 1630 2629 Eusebium,
1645 2579 1714 2618 lib.
1728 2582 1783 2628 11,

362 2651 460 2690 nist.
495 2650 628 2688 eccles.
658 2662 744 2701 cap.
777 2660 891 2685 xxm.
915 2645 1011 2685 Vide
1042 2652 1082 2684 et
1119 2644 1277 2696 Joseph.
1321 2643 1390 2682 lib.
1427 2646 1527 2691 XX,
1564 2642 1753 2695 Antiquit.
1770 2671 1781 2688 ,

361 2728 447 2766 cap.
468 2727 556 2752 vm.
577 2717 679 2765 Lege
698 2714 793 2750 Acta
809 2713 1024 2761 Martyrum
1043 2708 1191 2746 sincera
1203 2737 1213 2754 ‚
1233 2721 1274 2760 p.
1298 2709 1317 2745 1
1342 2715 1381 2745 et
1399 2719 1507 2758 seqq.
1530 2708 1610 2755 (R.)

413 2779 469 2826 (4)
485 2779 545 2815 De
562 2779 731 2826 sepulcro
749 2783 785 2811 et
804 2773 963 2811 basilica
981 2775 1104 2810 sancti
1123 2771 1231 2809 Petri
1245 2772 1419 2821 apostoli,
1438 2770 1560 2808 22⁰5.

415 2843 472 2889 (5)
489 2842 564 2878 An.
590 2839 657 2885 66,
679 2839 730 2876 29
749 2840 841 2875 sun.
862 2838 941 2884 (R.)
