2002 3418
334 334 410 371 280
731 334 798 370 DE
825 333 1011 371 GLORIA
1039 333 1335 371 MARTYRUM.

333 430 474 469 vocat
501 422 670 470 mulier
694 423 1029 487 imperatorem
1047 459 1060 484 ‚
1094 422 1256 470 dicens
1286 439 1299 468 :
1329 441 1353 467 «
1368 423 1573 471 Parvitas
1594 440 1738 489 pecu·

333 498 497 560 niolae,
523 514 667 562 quam
694 500 982 564 conjungere
1016 500 1173 565 potui,
1202 498 1368 547 adest:
1403 501 1513 548 veni
1536 500 1598 548 ad
1625 517 1739 549 con·

334 576 660 640 templandum
692 593 799 624 eam
815 615 827 639 ,
861 588 908 625 et
942 577 1073 642 quod
1095 576 1286 624 libuerit
1312 576 1503 624 facito.»
1533 580 1740 627 Surrexit

332 652 516 715 gavisus
536 654 794 719 imperator
811 654 872 702 de
890 655 1007 702 solio
1024 693 1036 717 ,
1057 655 1171 702 nihi]
1193 665 1499 721 percepturus
1516 672 1573 703 ex
1589 671 1706 704 auro
1723 675 1734 702 ε

331 731 482 795 pergit
514 732 576 779 ad
613 733 814 780 domum
850 733 1058 781 mulieris
1071 771 1083 794 ,
1108 743 1280 798 putans
1310 750 1359 781 se
1386 734 1605 799 copiosos
1637 734 1740 793 the-7

330 823 494 855 sauros
515 809 690 873 palatio
718 809 985 875 deportare.
1024 811 1111 857 Cui
1143 828 1253 858 cum
1288 811 1459 859 mulier
1491 828 1741 869 occursum

328 884 571 933 humiliter
591 887 892 948 reddidisset,
929 888 1094 935 invitat
1113 889 1163 935 in
1194 889 1424 953 templum
1445 889 1661 953 martyris
1678 889 1741 937 ad

329 964 620 1010 orationem:
647 974 747 1011 erat
768 964 896 1010 enim
919 965 1192 1029 proximum
1222 964 1387 1012 domui
1412 965 1536 1028 ejus,
1560 976 1608 1013 et
1634 966 1738 1014 haec

328 1056 432 1103 quae
472 1039 650 1088 habere
692 1051 912 1106 potuerat
951 1042 1060 1088 loco
1107 1042 1174 1088 illi
1218 1043 1513 1106 delegaverat
1554 1053 1735 1091 sancto.

327 1115 628 1180 Apprehensa
657 1128 817 1165 autem
837 1119 1095 1183 imperator
1111 1135 1258 1166 manu
1278 1119 1486 1166 mulieris
1501 1156 1514 1179 ‚
1531 1135 1592 1167 eo
1609 1120 1741 1184 quod

326 1202 446 1239 esset
471 1210 613 1242 senex
630 1232 643 1257 ,
686 1195 948 1259 ingreditur
982 1196 1159 1258 aedem,
1198 1196 1510 1261 prosternitur
1541 1197 1605 1244 ad
1635 1213 1741 1245 ora·

326 1270 524 1318 tionem.
552 1274 660 1330 Qua
695 1274 906 1338 expleta,
928 1274 994 1321 ait
1020 1273 1190 1321 mulier
1218 1292 1230 1320 :
1260 1294 1283 1318 ει
1300 1274 1517 1339 Suspice,
1552 1291 1738 1338 quaeso,

327 1363 564 1396 cameram
593 1350 736 1414 hujus
762 1351 874 1398 aedis
889 1388 902 1412 ,
934 1351 1265 1414 gloriosissime
1288 1353 1512 1414 Auguste,
1554 1361 1602 1399 et
1624 1352 1742 1399 scito

327 1426 440 1489 quia
457 1439 710 1493 paupertas
727 1445 835 1477 mea
854 1430 904 1476 in
929 1429 1026 1477 hoc
1047 1446 1192 1495 opere
1215 1431 1501 1478 continetur.
1537 1433 1603 1477 Tu
1627 1447 1741 1478 vero

326 1504 459 1567 quod
483 1507 689 1554 volueris
709 1508 879 1556 exinde
903 1508 1044 1556 facito
1060 1546 1074 1570 ,
1095 1525 1195 1556 non
1215 1509 1454 1557 adversor.
1473 1529 1497 1553 n
1521 1509 1602 1557 llle
1627 1525 1741 1557 vero

326 1583 584 1647 suspiciens
607 1595 750 1648 atque
773 1586 1013 1634 admirans
1047 1587 1236 1634 erubuit
1269 1598 1317 1635 et
1334 1625 1347 1649 ‚
1375 1605 1436 1635 ne
1464 1587 1622 1653 pudor
1642 1587 1742 1651 ejus

327 1660 725 1722 manifestaretur,
758 1664 1034 1711 collaudans
1075 1680 1196 1730 opus
1215 1701 1228 1726 ,
1271 1675 1318 1711 et
1357 1665 1526 1727 gratias
1559 1681 1702 1727 agens
1724 1702 1736 1726 ,

326 1736 580 1787 abscedere
611 1741 769 1805 coepit.
807 1741 918 1803 Sed,
949 1758 1010 1789 ne
1040 1742 1214 1802 rediret
1244 1758 1421 1790 vacuus
1459 1759 1489 1790 a
1515 1758 1736 1803 munere,

325 1825 587 1864 extractum
618 1819 788 1866 mulier
820 1820 1055 1867 annulum
1078 1836 1108 1868 a
1137 1820 1284 1883 digito
1298 1857 1311 1881 ‚
1338 1820 1473 1884 cujus
1504 1835 1739 1883 gemmam

325 1894 435 1942 vola
457 1895 778 1958 concluserat,
803 1898 886 1961 qui
909 1914 1009 1944 non
1037 1897 1240 1962 amplius
1261 1897 1365 1944 auri
1387 1897 1577 1962 pondus
1595 1911 1742 1959 quam

326 1972 467 2018 unius
512 1974 781 2021 semiunciae
825 1973 1101 2022 continebat
1119 2012 1132 2036 ,
1187 1973 1360 2022 obtulit
1411 1974 1454 2020 ei
1475 2011 1488 2035 ,
1537 1973 1699 2021 dicens
1725 1991 1736 2020 ε

329 2067 353 2093 α
365 2050 552 2115 Accipe,
577 2051 836 2117 imperator
859 2051 1166 2100 sacratissime
1180 2089 1193 2114 ,
1213 2051 1309 2099 hoc
1324 2051 1660 2098 munusculum
1681 2051 1741 2098 de

326 2142 474 2174 manu
505 2144 641 2190 mea,
682 2129 815 2192 quod
849 2146 992 2196 supra
1028 2130 1235 2195 pretium
1271 2128 1412 2192 hujus
1445 2128 1549 2175 auri
1586 2128 1741 2176 valere

325 2214 559 2252 censetur.
582 2224 605 2250 »
647 2208 758 2255 Erat
782 2208 911 2254 enim
947 2207 998 2254 in
1031 2223 1090 2254 eo
1119 2206 1238 2272 lapis
1265 2205 1582 2253 Neronianus¹
1611 2206 1740 2253 mirae

322 2282 568 2330 viriditatis
602 2299 658 2332 ac
694 2284 991 2351 splendoris:
1026 2284 1109 2348 qui
1146 2300 1257 2331 cum
1297 2283 1455 2330 fuisset
1491 2292 1705 2331 ostensus
1723 2320 1736 2344 ,

324 2375 468 2409 omne
483 2377 654 2409 aurum
677 2363 811 2426 quasi
824 2363 874 2410 in
891 2362 1176 2410 viriditatem
1191 2356 1345 2408 visum
1367 2370 1436 2407 est
1455 2360 1740 2408 convertisse

376 2522 430 2569 (1)
448 2520 492 2558 Id
517 2529 574 2559 est
597 2521 819 2573 smaragdus
838 2532 1002 2573 gemma.
1028 2521 1259 2570 Smaragdus
1274 2528 1416 2571 'nempe
1436 2519 1675 2556 Neronianus
1690 2529 1740 2555 ex

322 2582 551 2634 Epiphanio,
570 2582 638 2622 lib.
655 2587 734 2623 XII
745 2585 793 2623 de
802 2583 986 2631 Gemmis,
1001 2595 1087 2634 cap.
1102 2595 1164 2621 111.
1181 2582 1242 2621 Sic
1257 2581 1395 2629 dictus,
1411 2579 1516 2633 quod
1525 2582 1627 2619 Nero
1635 2579 1740 2618 hunc

320 2645 454 2696 lapidis
470 2647 655 2696 colorem,
668 2648 743 2686 olei
759 2647 957 2696 cujusdam
976 2659 1065 2699 ope,
1079 2645 1300 2684 viridiorem
1309 2645 1469 2684 reddere
1481 2643 1736 2690 consueverit,

320 2716 387 2746 aut
404 2707 454 2746 ab
472 2709 616 2748 artifice
634 2711 823 2761 quodam,
843 2712 994 2749 Nerone
1014 2709 1226 2761 appellato,
1252 2709 1319 2761 qui
1344 2708 1425 2757 ejus
1443 2722 1554 2747 usum
1573 2706 1739 2746 maxime

320 2771 660 2810 commendaverit.
675 2772 770 2810 Vide
783 2771 964 2819 Plinium,
979 2771 1047 2810 lib.
1067 2773 1229 2818 XXVII,
1251 2783 1336 2822 cap.
1353 2783 1394 2818 v,
1416 2778 1454 2809 et
1470 2768 1735 2814 Marbodeum,

321 2833 369 2871 de
387 2833 524 2885 Lapid.
544 2842 663 2885 pret.‚
685 2847 770 2885 cap.
795 2848 876 2872 mv.
900 2832 979 2885 (R.)
