2002 3418
419 345 495 384 144
828 345 894 381 DE
922 345 1104 383 GLORIA
1137 347 1432 386 MARTYRUM.

420 435 655 494 Christus,
680 450 770 499 pro
792 436 928 497 cujus
950 437 1147 483 nomine
1169 437 1294 501 passi
1316 453 1495 484 sumus.
1531 439 1641 484 Haec
1664 454 1838 486 renun-

420 513 589 560 tiantes
603 513 692 560 viri
708 514 775 560 illi
791 514 983 577 reliquis
1003 514 1286 576 christianis,
1309 515 1479 577 gratias
1503 525 1701 578 egerunt
1716 519 1835 577 Deo,

419 599 467 637 et
483 590 737 638 confortati
753 600 864 638 sunt
879 591 927 637 in
946 590 1057 652 fide,
1078 592 1446 655 colligentesque
1465 608 1624 639 sacros
1640 592 1837 654 cineres,

419 667 771 716 aedificaverunt
800 668 1046 716 basilicam
1072 670 1204 716 mirae
1233 668 1574 732 magnitudinis
1598 669 1841 716 in‘eorum

419 745 674 792 honorem.
716 748 775 792 Et
809 746 1096 810 sepelierunt
1127 745 1270 794 beata
1309 747 1512 811 pignora
1550 744 1640 793 sub
1677 755 1842 794 sancto

420 823 582 884 altari,
617 822 703 869 uhi
734 839 783 870 se
810 839 998 888 semper
1026 823 1280 870 virtutibus
1303 823 1564 870 manifestis
1597 839 1709 870 cum
1740 826 1842 871 Deo

420 900 635 947 habitare
659 899 1037 948 declaraverunt.
1065 903 1218 947 Locus
1240 910 1400 948 autem
1424 900 1502 947 ille
1527 901 1576 946 in
1600 916 1699 963 quo
1720 900 1844 965 passi

421 988 557 1038 sunt,
594 977 838 1025 Athanaco
867 988 1083 1039 vocatur,
1119 979 1324 1043 ideoque
1356 987 1403 1026 et
1438 978 1529 1044 ipsi
1561 988 1791 1043 martyres
1814 992 1843 1024 a

421 1056 708 1120 quibusdam
730 1065 964 1103 vocantur
984 1056 1328 1105 Athanacenses
1341 1060 1371 1104 ¹.

1025 1188 1184 1225 CAPUT
1207 1188 1250 1224 L.

732 1270 784 1306 De
800 1280 923 1306 sancto
940 1270 1086 1315 Potine,
1104 1270 1338 1318 Lugdunensi
1354 1271 1537 1319 episcopo.

490 1351 654 1414 Igitur¹
680 1350 909 1414 martyrio
953 1360 1314 1397 consummatus
1354 1351 1587 1414 gloriosus
1626 1349 1819 1396 Fotinus
1835 1348 1849 1370 ¹

425 1429 693 1493 episcopus,
717 1427 802 1492 qui
824 1427 1131 1490 Lugdunensi
1151 1427 1337 1492 praefuit
1367 1427 1477 1474 urbi
1498 1425 1737 1487 sacerdos,
1763 1439 1849 1490 per

425 1506 696 1554 certaminis
723 1504 898 1552 nobilis
919 1506 1142 1552 meritum
1166 1506 1381 1553 invectus
1402 1515 1474 1553 est
1502 1505 1667 1552 coelo‘.
1695 1502 1782 1550 Cui
1804 1510 1850 1548 et

425 1586 594 1634 merito
617 1595 665 1633 et
688 1585 934 1632 sanctitate
961 1584 1229 1647 condignus
1256 1586 1484 1631 1renaeus⁵
1507 1582 1728 1641 successit
1749 1581 1850 1645 epi-

426 1679 600 1727 scopus
614 1699 627 1723 ,
664 1678 750 1726 per
775 1661 1055 1724 martyrium
1078 1671 1126 1707 et
1146 1661 1245 1725 ipse
1268 1659 1471 1706 finitus⁶.
1499 1660 1588 1707 Hic
1611 1659 1661 1705 in
1685 1666 1851 1721 crypta

425 1740 632 1788 basilicae
661 1739 791 1787 beati
821 1738 1019 1785 Joannis
1048 1737 1137 1784 sub
1168 1738 1302 1785 altari
1339 1747 1410 1785 est
1440 1738 1665 1802 sepultus.
1701 1738 1760 1781 Et
1788 1733 1850 1782 ab

426 1835 522 1866 uno
545 1817 742 1881 quidem
763 1818 909 1864 latere
933 1816 1213 1881 Epipodius‚
1238 1816 1300 1863 ab
1321 1817 1415 1863 alio
1432 1832 1547 1863 vero
1564 1813 1824 1861 Alexander
1838 1814 1852 1836 '¹

426 1907 605 1961 martyr
621 1907 691 1944 est
706 1896 981 1943 tumulatus.
998 1898 1068 1942 De
1082 1911 1291 1958 quorum
1306 1892 1630 1941 monumentis
1644 1892 1682 1938 si
1699 1890 1853 1956 pulvis

426 1992 538 2023 cum
555 1975 649 2022 fide
662 1974 929 2037 colligatur,
952 1972 1192 2037 extemplo
1209 1972 1428 2019 medetur
1441 1969 1659 2018 infirmis·
1683 1970 1854 2030 Magna

426 2053 556 2100 enim
577 2053 765 2100 claritas
784 2052 832 2098 in
857 2060 1023 2115 crypta
1044 2050 1123 2096 illa
1145 2050 1436 2110 continetur,
1457 2064 1581 2112 quae,
1610 2055 1664 2093 ut
1686 2043 1850 2104 cred0‚

427 2131 651 2178 meritum
674 2140 939 2193 martyrum
961 2128 1130 2191 signat.

481 2294 534 2339 (1)
555 2289 666 2330 Colb.
699 2303 736 2328 a.
764 2291 958 2328 Athenaeo
983 2297 1020 2327 et
1041 2289 1141 2327 infra
1160 2289 1437 2326 Athenacenses
1454 2299 1540 2338 quae
1561 2285 1672 2324 lectio
1690 2282 1855 2322 nominis

429 2356 668 2411 etymologiae
684 2356 803 2408 magis
823 2368 995 2407 congrua
1008 2354 1181 2400 videtur;
1201 2353 1255 2391 sic
1274 2353 1375 2391 enim
1395 2352 1517 2390 dictus
1529 2360 1585 2390 est
1601 2351 1708 2399 locus
1725 2349 1790 2387 ille
1806 2347 1856 2386 ab

429 2419 604 2469 Athenis,
619 2419 723 2471 quod
737 2418 792 2456 ibi
802 2431 869 2456 ara
877 2426 977 2456 esset
988 2416 1148 2455 celebris
1159 2416 1261 2468 apud
1274 2425 1422 2455 veteres
1435 2415 1486 2454 ob
1502 2414 1711 2454 certamina
1727 2413 1857 2452 facun-

430 2482 500 2520 diae
520 2495 652 2535 graecae
675 2482 878 2533 latinaeque
900 2494 924 2519 a
946 2480 1116 2532 Caligula
1130 2479 1316 2517 instituta.
1335 2481 1414 2529 (R.)
1430 2501 1484 2508 —-
1505 2479 1625 2523 2791,
1644 2478 1855 2514 Ataanaco.

483 2544 536 2597 (2)
558 2545 698 2584 Confer
715 2544 791 2582 hoc
809 2551 924 2594 caput
942 2554 1030 2580 cum
1049 2555 1160 2580 xxvn
1180 2541 1267 2579 libri
1285 2544 1303 2580 I
1325 2541 1425 2583 Hist.
1442 2537 1673 2590 (R.)-—Vide
1695 2545 1734 2576 et
1755 2534 1857 2575 Rui-

432 2607 545 2645 nartii
568 2610 664 2646 Acta
691 2615 903 2657 martyrum
933 2604 1096 2654 sincera,
1116 2617 1155 2655 p.
1176 2606 1220 2641 61
1233 2632 1241 2641 .

487 2673 542 2720 (3)
561 2672 765 2721 Photinus,
790 2682 878 2721 sup.
900 2669 992 2707 478.
1013 2689 1067 2697 —
1084 2670 1139 2716 (4)
1158 2669 1234 2708 An.
1258 2669 1358 2715 177,
1382 2667 1408 2706 2
1427 2669 1519 2706 Jun.
1542 2666 1624 2714 (R.)

484 2736 538 2783 (5)
552 2734 710 2785 Aliquot
723 2746 813 2772 mss.
835 2734 1041 2770 Hereneus.
1056 2731 1299 2780 (RQ—2204
1318 2732 1524 2777 Hereneus;
1536 2730 1641 2768 2205
1656 2730 1856 2767 Hireneus.

485 2798 542 2845 (6)
560 2800 637 2838 An.
661 2798 757 2844 203,
780 2797 832 2833 28
850 2797 943 2835 Jun.
965 2790 1119 2843 (R.)·'-
1135 2797 1191 2844 (7)
1209 2795 1287 2834 An.
1312 2795 1405 2840 178,
1425 2794 1477 2831 22
1497 2800 1535 2831 et
1552 2793 1605 2831 24
1631 2789 1744 2843 april.
1764 2788 1859 2828 Vide

433 2860 502 2901 lib.
523 2859 571 2898 de
589 2860 654 2901 Gl.
673 2858 786 2899 Conf.
807 2870 894 2910 cap.
913 2861 1020 2898 mv·
1043 2858 1124 2905 (R.)
