2002 3418
378 373 394 408 1
405 373 420 408 1
431 373 454 408 la.
775 372 841 407 DE
872 370 1059 408 GLORIA
1091 370 1225 407 MART
1227 368 1384 407 YRUM.

948 510 1104 546 CAPUT
1128 509 1226 545 XLI.

699 603 753 638 De
774 603 903 639 virtute
926 602 1011 637 fidei
1038 612 1072 638 et
1096 603 1252 637 nominis
1276 601 1468 636 christiani.

443 699 632 761 Magna¹
658 707 727 745 est
755 698 884 744 enim
906 697 1109 761 dignitas
1130 697 1338 744 nominis
1352 695 1631 757 Christiani,
1656 695 1694 742 si
1717 695 1797 744 illa

377 784 482 838 quae
504 772 743 820 confiteris
766 771 859 819 fide
873 810 885 834 ,
923 790 1067 838 opere
1089 772 1404 837 prosequaris.
1441 774 1561 818 Nam
1591 770 1711 818 sicut
1733 771 1799 818 ait

377 850 620 916 apostolus
637 868 647 896 ε
667 854 710 897 F
707 849 807 896 ides
817 852 921 897 sine
935 850 1147 915 operibus
1162 862 1349 897 mortua
1362 850 1494 897 estin
1505 849 1793 912 semetipsa’.

376 929 508 975 Sicut
531 929 661 976 enim
691 927 812 974 filios
838 927 1075 975 Abraham
1100 945 1200 975 non
1220 927 1421 975 carnalis
1442 926 1685 987 nativitas,
1716 924 1799 972 sed

377 1005 495 1054 fides
512 1005 643 1066 facit3
666 1005 731 1052 ita
749 1015 797 1052 et
815 1005 1109 1053 Christianos
1125 1018 1265 1053 veros
1287 1022 1388 1052 non
1411 1005 1568 1052 solum
1591 1004 1800 1051 nominis

377 1084 550 1147 gratia,
577 1082 661 1130 sed
684 1099 832 1148 opera
852 1093 1091 1148 praestant.
1118 1086 1208 1131 Per
1222 1083 1319 1131 hoc
1337 1084 1466 1130 enim
1494 1099 1673 1131 nomen
1698 1083 1801 1130 illu-

376 1161 621 1208 minantur
655 1159 889 1221 tenebrae,
927 1170 1168 1225 serpentes
1197 1160 1404 1224 fugiunt,
1440 1160 1569 1208 idola
1591 1170 1801 1225 proster-

377 1248 575 1299 nuntur,
614 1248 766 1285 cessat
800 1238 1004 1300 ariolus,
1042 1237 1242 1286 tabescit
1277 1239 1524 1302 sortilegus
1540 1276 1553 1300 ,
1597 1239 1802 1286 cultores

377 1314 655 1362 daemonum
691 1315 1044 1380 propelluntur,
1083 1315 1204 1362 sicut
1235 1315 1521 1362 Prudentius
1555 1325 1717 1363 noster
1751 1314 1801 1361 in

374 1391 501 1440 libro
525 1403 694 1440 contra
713 1393 924 1440 Judae0s³
946 1394 1164 1440 meminit
1184 1411 1194 1440 ε
1216 1393 1349 1456 quod
1369 1392 1635 1458 procedens
1655 1393 1804 1457 impe-

376 1472 533 1534 rator-'⁶
554 1469 617 1517 ad
641 1470 1024 1517 immolationem
1055 1470 1249 1517 fetidam
1283 1470 1656 1531 daemoniorum,
1690 1469 1805 1516 ado-

377 1548 491 1594 ratis
508 1547 622 1610 diis,
648 1558 790 1611 atque
809 1563 973 1594 coram
994 1548 1154 1611 sigillis
1168 1549 1182 1571 ⁵
1204 1557 1484 1612 prostratus,
1503 1546 1805 1613 exspectabat

378 1627 646 1674 sacerdotes
673 1627 1035 1673 simulacrorum
1065 1635 1325 1674 mactantes
1346 1626 1512 1675 turbas
1532 1626 1771 1692 pecudum
1786 1663 1799 1688 ,

378 1717 584 1767 quarum
622 1704 754 1752 frons
783 1703 1006 1751 'revincta
1046 1704 1179 1751 lauro
1228 1703 1473 1752 securibus
1513 1704 1799 1752 caedebatur.

378 1783 595 1845 Cumque
607 1799 766 1844 senex,
787 1782 994 1829 cruentis
1010 1781 1248 1844 manibus,
1270 1783 1569 1829 internorum
1584 1792 1806 1830 tractaret

377 1856 614 1904 viscerum
630 1867 804 1923 partes,
818 1857 1050 1922 jocinoris
1066 1856 1227 1918 fibras,
1246 1867 1388 1921 atque
1407 1857 1529 1903 inter
1542 1857 1805 1922 praecordia

378 1942 427 1980 et'
437 1929 841 1983 exta'a‘nimalium
856 1935 1138 1998 investigare
1156 1934 1336 1998 aliquid
1354 1943 1557 1982 tentaret
1567 1933 1801 1997 divinum,

378 2009 570 2060 turbata
591 2002 758 2060 omnia
780 2004 956 2074 cernit,
991 2028 1079 2059 nec
1109 2028 1166 2059 ea
1193 2029 1298 2076 quae
1326 2010 1550 2076 cupiebat
1575 2013 1693 2059 scire
1719 2028 1807 2078 po·

380 2098 500 2136 terat
533 2099 688 2136 certus
721 2106 995 2153 agnoscere.
1051 2089 1341 2137 Exclamavit
1372 2088 1590 2137 turbatus
1620 2099 1667 2154 et
1697 2090 1763 2137 ait
1789 2109 1801 2138 ε

384 2186 407 2212 «
435 2164 561 2213 Heu!
590 2166 686 2213 heu
705 2164 714 2213 !
746 2166 908 2214 nescio
934 2165 1052 2230 quid
1074 2166 1154 2213 hic
1176 2167 1331 2230 agitur
1354 2166 1488 2230 quod
1511 2167 1612 2214 Diis
1633 2166 1806 2214 nostris

382 2245 678 2291 contrarium
708 2261 808 2292 esse
830 2254 1040 2309 putatur.
1065 2243 1216 2291 Video
1246 2244 1374 2291 enim
1407 2246 1533 2290 Deos
1566 2253 1755 2291 nostros
1777 2259 1806 2291 a

381 2321 523 2385 longe
564 2321 806 2369 discedere
847 2339 937 2369 nec
974 2322 1034 2368 de
1072 2321 1345 2386 praeparatis
1377 2319 1616 2368 sacrificiis
1647 2322 1807 2385 aliqua

382 2398 647 2463 praelibare.
676 2402 752 2446 Est
771 2399 875 2461 hic,
900 2409 955 2446 ut
981 2415 1054 2446 res
1076 2398 1178 2463 ipsa
1205 2398 1371 2461 docet,
1406 2397 1467 2445 de
1495 2398 1664 2449 officiis
1689 2416 1806 2463 quo·

383 2478 623 2542 rumpiam
642 2480 872 2538 Deorum,
899 2477 981 2541 qui
1003 2475 1144 2523 nobis
1172 2475 1412 2525 adversari
1441 2487 1553 2524 sunt
1581 2478 1720 2526 soliti.
1750 2481 1808 2525 Et

439 2625 494 2680 (1)
515 2630 599 2665 Hoc
619 2636 735 2680 caput
748 2627 790 2666 in
805 2628 887 2666 aliis
906 2627 1055 2678 scriptis
1072 2627 1176 2665 hunc
1195 2627 1311 2665 habet
1329 2628 1479 2667 titulum
1498 2644 1506 2666 :
1525 2631 1585 2667 De
1603 2630 1807 2666 christiano

385 2694 452 2740 qui
469 2704 593 2728 coram
605 2691 763 2742 pagano
783 2693 998 2728 immolante
1014 2694 1130 2729 stetit.
1154 2693 1247 2739 (R.)
1260 2713 1315 2721 —
1331 2694 1467 2731 Coram
1486 2696 1626 2740 tirum,
1650 2692 1771 2729 2205.

441 2755 494 2808 (2)
514 2759 619 2805 lac„
640 2760 694 2805 II,
717 2759 783 2806 17,
805 2759 872 2805 20,
893 2759 1017 2801 26η-
1029 2755 1082 2810 (3.)
1097 2756 1246 2795 Dicitur
1260 2758 1378 2810 vulgo
1395 2758 1640 2811 Apotheosis,
1664 2771 1714 2795 ex
1729 2769 1807 2808 quo

385 2831 520 2858 versus
539 2828 742 2870 sequentes
758 2819 937 2872 descripti
955 2828 1043 2858 sunt
1059 2833 1083 2857 a
1101 2821 1177 2858 449
1197 2820 1246 2859 ad
1266 2823 1358 2869 502,
1377 2821 1524 2873 aliquot
1541 2821 1704 2861 omissis.
1727 2818 1806 2874 (R.)

439 2884 498 2932 (Δ)
519 2883 793 2923 Diocletianus.
819 2881 898 2936 (R.)
920 2905 974 2913 —
994 2885 1049 2932 (5)
1067 2883 1112 2921 Id
1131 2891 1188 2921 est
1205 2883 1322 2936 signis
1342 2893 1409 2923 aut
1425 2884 1550 2924 idolis.
