2002 3418
295 389 372 425 244
702 387 769 423 DE
796 387 981 424 GLORJA
1010 385 1303 422 MARTYRUM.

297 491 443 540 quam
464 475 632 521 animae
654 474 916 534 cicatrices,
951 472 1051 518 haec
1079 488 1190 518 cum
1222 471 1405 534 reliquo
1434 472 1614 536 populo
1645 472 1706 520 ad

295 555 422 601 littus
453 551 663 600 accessit.
704 553 919 615 Cumque
957 550 1120 597 levatis
1158 565 1305 613 usque
1341 547 1404 595 ad
1438 549 1707 611 geniculum

295 630 584 679 vestimentis
623 638 677 676 ut
709 645 901 677 amnem
944 627 1286 692 ingrederetur,
1327 627 1502 673 mirum
1542 627 1701 675 dictu!

293 710 410 772 fugit
442 724 567 772 aqua
597 716 707 755 ante
732 706 879 772 pedes
903 706 1036 769 ejus:
1062 705 1142 752 illa
1175 721 1366 769 quoque
1399 705 1704 768 insequente,

292 787 463 833 fluvius
493 785 555 833 ad
592 787 745 850 ripam
790 785 932 831 aliam
965 783 1269 848 premebatur
1285 785 1313 828 ¹.
1358 785 1466 829 Haec
1496 783 1708 832 videntes

291 864 457 929 populi
478 864 634 910 mirati
653 872 763 909 sunt
781 863 872 909 tale
895 862 1071 909 factum
1096 862 1146 907 in
1166 861 1243 908 die
1265 860 1575 910 celeberrimo
1597 878 1709 908 con·

290 943 446 1005 tigisse
471 959 482 985 ε
504 950 939 1003 cognoscentesque
965 939 1214 986 mulierem
1237 955 1336 985 esse
1362 939 1677 987 facinorosam
1692 976 1704 998 ,

287 1020 582 1079 interrogant
600 1016 717 1079 quid
738 1016 851 1062 mali
876 1015 1035 1062 fecerit
1056 1025 1108 1061 ut
1123 1015 1223 1062 haec
1239 1017 1282 1062 ei
1304 1016 1353 1061 in
1373 1016 1453 1063 tali
1486 1015 1706 1081 frequen-

287 1095 466 1142 tatione
482 1094 649 1158 populi
672 1093 954 1140 evenissent.
983 1093 1134 1140 Atina
1148 1109 1377 1140 conversa
1390 1093 1452 1140 ad
1474 1095 1707 1159 populum

286 1173 467 1219 crimen
499 1163 687 1231 fatetur,
721 1170 884 1217 dicens
913 1187 924 1216 z
955 1190 977 1212 α
1001 1171 1193 1234 Septem
1210 1170 1310 1233 jam
1331 1186 1361 1218 a
1382 1187 1459 1217 me
1486 1172 1708 1236 parvulos

285 1249 439 1296 editos
473 1249 710 1310 interfeci,
747 1264 869 1312 quos
898 1247 959 1294 de
993 1247 1175 1293 incestu
1214 1246 1490 1312 concipiens
1507 1285 1522 1310 ,
1561 1250 1707 1296 metui

284 1326 555 1392 publicare3
602 1335 826 1373 octavum
863 1324 1022 1372 adhuc
1067 1324 1144 1371 die
1177 1325 1413 1389 praeterita
1444 1319 1704 1388 suggillavi.

285 1408 417 1470 Rogo
436 1422 549 1468 ergo
573 1415 627 1451 ut
644 1403 852 1452 fundatis
865 1420 953 1468 pro
972 1420 1049 1450 me
1065 1403 1332 1450 orationem
1348 1403 1411 1450 ad
1425 1404 1704 1466 Dominum,

283 1493 518 1547 quatenus
570 1484 765 1530 remissa
810 1482 1056 1545 iniquitate
1103 1497 1301 1545 peccare
1331 1481 1432 1544 jam
1462 1480 1704 1543 desinam,

283 1579 343 1608 ne
357 1579 435 1609 me
455 1561 655 1608 coelestis
673 1562 743 1608 ira
760 1570 1026 1607 consumat.
1047 1579 1071 1604 »
1095 1562 1202 1606 Haec
1215 1576 1271 1606 ea
1283 1560 1526 1622 loquente,
1552 1560 1709 1607 omnis

280 1639 487 1703 populus
515 1648 778 1703 prostratus
808 1638 871 1685 ad
892 1647 1066 1685 terram
1099 1653 1291 1702 precem
1320 1636 1441 1683 fudit
1463 1636 1525 1684 ad
1547 1636 1708 1683 Domi-

281 1733 399 1762 num
422 1726 474 1762 ut
507 1718 551 1762 ei
578 1715 944 1762 misericorditer
971 1716 1256 1778 ignosceret,
1282 1713 1415 1777 quod
1442 1713 1706 1760 adminicu-

281 1794 407 1839 lante
430 1793 620 1856 ignavia
641 1792 931 1857 deliquisset.
959 1795 1070 1839 Post
1088 1791 1491 1844 orationemsvero
1515 1790 1701 1852 mulier,

279 1871 482 1917 extensis
498 1887 584 1935 per
606 1880 782 1917 terram
800 1870 1025 1931 brachiis,
1051 1869 1268 1934 spiritum
1285 1867 1535 1915 exhalavit.
1561 1868 1704 1925 Quod

281 1947 346 1994 ob
374 1948 469 1995 hoc
491 1948 743 2011 contigisse
767 1964 877 1995 reor
900 1965 960 1995 ne
989 1948 1169 1994 crimen
1192 1945 1431 1993 indultum
1460 1947 1705 1993 iteraretur

280 2026 492 2080 ulterius.
517 2026 753 2090 Cognovit
771 2036 931 2073 autem
946 2026 1152 2090 populus
1177 2025 1426 2085 delictum,
1459 2041 1545 2070 cur
1571 2040 1704 2088 aquae

255 2151 258 2154 ,
279 2104 490 2150 fluminis
503 2114 614 2151 ante
625 2103 794 2152 faciem
806 2103 1021 2151 mulieris
1032 2103 1345 2150 recessissent.
1353 2102 1704 2166 *Impletumque

280 2191 349 2228 est
372 2181 490 2229 illud
509 2182 779 2230 Salomonis
803 2170 1135 2247 proverbium,
1158 2181 1270 2244 quia
1296 2179 1488 2245 spiritus
1510 2180 1703 2228 Domini

282 2261 398 2324 fugit
419 2260 623 2308 fictum².
659 2261 941 2308 Miraculum
962 2260 1056 2308 hoc
1078 2259 1140 2307 ab
1159 2275 1241 2307 ore
1267 2258 1463 2305 ioannis
1483 2257 1674 2306 diaconi
1688 2260 1703 2283 ⁸

281 2334 458 2382 factum
487 2337 552 2383 ita
581 2337 811 2400 cognovi3
838 2335 1075 2384 asserebat
1103 2335 1232 2381 enim
1259 2350 1308 2380 se
1335 2343 1449 2380 tunc
1474 2333 1701 2399 temporis

280 2413 420 2461 fuisse
441 2425 736 2478 praesentem.
810 2454 821 2463 ,,

333 2603 387 2649 (1)
406 2602 528 2641 Simili
546 2602 627 2641 fere
642 2602 760 2640 modo
775 2602 895 2641 Maria
908 2602 1132 2654 AEgyptiaca
1142 2602 1290 2653 ingredi
1306 2601 1506 2640 ecclesiam
1519 2601 1699 2640 divinitus

279 2663 576 2716 prohibebatur,
607 2666 731 2704 donec
759 2666 1021 2718 poenitentiam
1045 2665 1324 2717 spopondisset.
1354 2665 1448 2704 Vide
1469 2665 1550 2712 ejus
1571 2665 1695 2703 Vitam

278 2726 340 2765 die
357 2730 382 2767 2
401 2727 530 2779 aprilis
549 2727 652 2778 apud
670 2728 952 2766 Bollandianos.
976 2727 1075 2780 (Β.)

330 2791 385 2839 (2)
403 2793 494 2842 Sap.
517 2792 534 2827 1
551 2819 562 2837 ‚
585 2792 622 2828 5.
645 2812 698 2818 -—
716 2792 771 2839 (3)
789 2793 834 2828 V.
857 2804 989 2842 supra,
1010 2803 1095 2842 cap.
1120 2804 1201 2828 mx.
