2002 3418
343 320 420 358 344
644 320 709 357 DE
737 320 1004 358 MIRACULIS
1030 320 1203 358 SANCTI
1228 320 1437 359 mLIANl.

342 408 484 473 capiti
503 408 703 469 sarcina,
720 409 902 473 peccati
923 424 1093 474 sopore
1109 424 1420 475 compressuS,
1440 409 1744 460 obdormivit.

343 485 497 534 Media
515 501 629 533 vero
653 496 809 547 nocte,
835 486 1179 534 circumeuntes
1198 485 1417 535 custodes
1432 497 1642 536 sanctam
1660 489 1748 538 ba·-

344 562 523 611 silicam
557 563 791 628 aspiciunt
820 562 870 610 in
911 563 1086 627 angulo
1126 578 1273 610 unam
1305 579 1540 626 gemmam
1567 566 1746 627 crucis,

343 650 569 704 tanquam
597 639 740 704 jubar
771 640 958 689 coeleste
994 640 1253 704 refulgere:
1281 640 1592 707 obstupefacti
1621 659 1753 691 acce-

345 718 467 764 dunt
495 718 711 765 cominus
743 734 855 766 cum
887 719 1079 780 timore,
1116 718 1405 782 admotoque
1433 736 1596 782 cereo,
1626 721 1754 771 inve-

344 796 484 842 niunt
505 811 759 860 personam
787 812 899 842 cum
926 795 1066 843 rebus
1094 795 1276 858 furatis,
1307 813 1424 860 quas
1445 797 1627 846 auferre
1655 814 1752 845 non

344 882 585 938 potuerat,
621 872 740 919 inibi
767 872 1021 920 decubare.
1048 875 1264 939 Denique
1294 874 1383 922 sub
1405 875 1620 924 custodia
1646 891 1757 922 eum

345 949 423 998 illa
453 959 593 997 nocte
617 949 879 1010 detentum,
916 965 1055 997 mane
1086 950 1226 1012 facto,
1263 962 1435 1000 cuncta
1457 968 1562 1017 quae
1586 952 1759 1000 fecerat

345 1027 583 1092 patefecit,
619 1042 829 1074 asserens
865 1042 916 1074 se
946 1027 1122 1074 lassum
1154 1027 1491 1092 obdormiisse,
1530 1045 1590 1077 eo
1626 1029 1757 1094 quod

348 1103 609 1151 diutissime
646 1103 929 1150 circumiens
963 1119 1075 1151 cum
1118 1103 1241 1152 fasce
1261 1107 1274 1129 ¹
1313 1105 1556 1156 basilicam
1587 1107 1760 1154 ostium

348 1181 479 1229 unde
500 1179 803 1245 egrederetur
822 1181 1028 1248 reperire
1050 1197 1150 1230 non
1172 1184 1342 1249 potuit.

913 1316 1068 1353 CAPUT
1095 1316 1197 1353 XXI.

647 1401 700 1435 De
717 1411 761 1434 eo
775 1399 839 1446 qui
852 1400 1026 1436 caballum
1042 1400 1080 1435 in
1095 1400 1279 1437 festivitate
1291 1399 1461 1450 perdidit.

415 1487 562 1534 Multa
583 1486 780 1552 quidem
802 1496 851 1536 et
874 1487 966 1536 alia
985 1488 1037 1535 in
1059 1488 1498 1553 praevaricatoribus
1518 1489 1724 1538 ostendit
1750 1507 1760 1536 :

352 1566 435 1614 sed
470 1566 581 1614 satis
617 1567 711 1614 sint
743 1567 833 1615 ista
863 1566 927 1616 ad
961 1566 1277 1616 coercendam
1310 1567 1541 1616 desidiam
1577 1585 1761 1616 eorum.

354 1645 491 1690 Nunc
519 1658 634 1691 vero
664 1642 727 1691 ad
755 1644 927 1707 gaudia
954 1646 1319 1710 prosperitatum
1334 1683 1347 1708 ,
1382 1647 1495 1709 quia
1519 1646 1649 1710 larga
1670 1647 1769 1711 pie·

353 1729 449 1767 tate
477 1729 664 1784 praestat
687 1721 901 1785 populis,
934 1732 1241 1770 revertamur.
1265 1721 1357 1769 Sed
1377 1723 1508 1787 prius
1531 1722 1648 1770 illud
1669 1739 1767 1770 non

355 1796 560 1845 arbitror
584 1797 973 1862 postponendum
996 1799 1128 1862 quod
1149 1809 1393 1865 expertum
1422 1799 1559 1847 valde
1589 1816 1770 1863 cogno—

356 1875 537 1936 vimus,
569 1873 686 1939 quid
715 1875 767 1921 in
796 1875 939 1923 rebus
967 1876 1163 1941 perditis
1195 1876 1323 1942 apud
1356 1877 1490 1924 hunc
1513 1885 1770 1941 patronum
1841 1877 1843 1879 ’

357 1951 509 1999 fidelis
534 1951 806 2017 deprecatio
830 1963 1147 2017 consequatur
1174 1971 1186 1999 :
1214 1970 1273 2000 ex
1299 1953 1474 2017 quibus
1493 1970 1645 2001 unum
1666 1963 1771 2002 tan·

356 2038 459 2076 tum
478 2045 859 2078 commemorare
889 2030 1066 2078 studui.
1091 2030 1160 2078 Ad
1183 2030 1479 2079 festivitatem
1501 2030 1629 2080 beati
1651 2049 1774 2080 mar-

358 2108 472 2171 tyris
510 2106 711 2155 devotus
750 2124 932 2173 pauper
965 2107 1251 2171 advenerat,
1295 2108 1547 2174 laxatoque
1582 2110 1740 2173 equite
1756 2147 1769 2170 ,

357 2200 541 2232 sacram
587 2185 823 2249 ingressus
868 2195 938 2233 est
974 2185 1126 2233 aedem
1141 2223 1156 2248 ,
1203 2202 1261 2234 ac
1304 2186 1474 2249 vigiliis
1514 2186 1773 2234 immobilis

357 2261 538 2310 instans
582 2271 775 2310 noctem
811 2279 924 2311 cum
963 2264 1140 2312 caeteris
1176 2263 1362 2311 orando
1398 2261 1608 2312 deduxit.
1662 2264 1774 2324 Illu-

358 2349 574 2388 cescente
604 2356 719 2387 vero
752 2341 874 2388 coelo
888 2378 902 2403 ,
931 2340 994 2389 ad
1022 2351 1252 2389 metatum
1283 2357 1517 2404 regressus
1538 2340 1774 2389 caballum

361 2433 505 2479 quem
547 2418 802 2486 reliquerat
844 2435 946 2466 non
984 2419 1166 2466 invenit
1182 2457 1196 2476 ‚
1238 2418 1579 2483 quaesitumque
1614 2419 1777 2466 diutis-

361 2493 504 2555 sime,
538 2511 627 2542 nec
654 2496 788 2558 signa
815 2495 1010 2559 quidem
1030 2511 1174 2559 quam
1206 2495 1256 2542 in
1286 2505 1470 2560 partem
1493 2496 1778 2543 discessisset

359 2572 568 2632 agnovit.
596 2575 852 2620 Transacto
880 2574 1022 2636 igitur
1053 2572 1229 2634 biduo,
1261 2574 1458 2620 recurrit
1490 2574 1662 2620 iterum
1691 2589 1778 2638 per

360 2647 520 2709 saltus,
557 2660 857 2714 perscrutans
887 2650 1106 2698 locorum
1141 2651 1346 2712 incolas,
1382 2651 1421 2698 si
1457 2650 1577 2698 forte
1608 2651 1777 2713 aliquis

413 2807 469 2855 (ι)
495 2806 556 2845 Al.
586 2807 687 2856 face.
709 2810 791 2856 (R.)
